4668 6040
278 761 460 826 constrictus
481 766 528 822 est
549 756 749 840 Agnmcnm.
781 755 842 816 lam
863 753 903 816 ilii
925 750 1150 838 μηχανήματι
1170 753 1279 814 iustum
1301 749 1453 830 epitheton
1476 750 1616 832 reperire
1631 749 1700 812 mibi
1716 752 1798 814 visus
1813 769 1877 814 sum

279 859 418 924 scribens
440 848 682 941 μελαμπλόκῳ.
1581 889 1583 892 -

608 951 696 1016 1091.
729 949 799 1015 ἀπὸ
822 949 859 1016 dd
877 947 1065 1031 θεσφάτων
1084 947 1136 1028 τις
1158 945 1277 1033 ἀγαθὰ
1299 946 1406 1028 φάτις

734 1050 872 1130 βροτοῖς
895 1047 1060 1121 citimam
1085 1047 1199 1109 κακῶν
1220 1045 1286 1130 γὰρ
1308 1045 1378 1110 διαὶ
1500 1083 1503 1095 ·

732 1148 915 1225 πολυεπεῖς
936 1145 1053 1231 τέχναι
1072 1140 1261 1225 decerptae

733 1241 846 1326 φόβον
867 1243 1034 1326 φέρουσιν
1055 1241 1192 1328 μαθεῖν.
1768 1325 1771 1330 ¹

280 1350 314 1414 ln
343 1349 428 1413 bisce
450 1347 617 1412 Hermuuui
642 1346 790 1410 rabonem
815 1343 991 1424 umpiectur,
1019 1343 1077 1404 nisi
1103 1338 1184 1423 quod
1204 1357 1261 1421 pro
1283 1339 1399 1403 κακῶν
1419 1340 1487 1421 γὰρ
1509 1338 1595 1416 έναι,
1623 1340 1703 1422 quod
1726 1358 1787 1404 nou
1811 1345 1881 1406 sutis
1936 1411 1939 1420 ,

281 1447 471 1530 perspicuum
493 1452 556 1523 est,
578 1443 694 1508 κακοῖν
713 1441 779 1527 γὰρ
799 1441 901 1505 πλέαι
920 1441 1031 1519 malim,
1052 1448 1086 1504 ut
1105 1439 1154 1502 bic
1176 1437 1323 1502 efficietur
1338 1455 1468 1504 sensus,-
1491 1437 1588 1518 ,Num
1604 1439 1689 1502 melis
1704 1441 1881 1522 plerumque

282 1546 417 1612 refertae
438 1545 631 1626 mudtiioquee
654 1549 736 1606 artes
758 1539 896 1606 fatidicae
917 1537 1060 1616 adermrt,
1081 1536 1206 1618 utquid
1228 1537 1265 1599 sit
1286 1537 1395 1600 timere
1417 1537 1545 1600 discue.“

531 1643 619 1705 1102.
652 1639 779 1725 τὸγὰρ
801 1637 883 1724 ἐμὸν
903 1637 1026 1721 θροεῖς
1048 1633 1167 1716 πάθος
1189 1634 1367 1721 sumptae.

654 1739 719 1804 ποῖ
733 1735 776 1820 δή
796 1759 840 1824 με
861 1735 965 1819 δεῦρο
985 1734 1046 1817 τὴν
1067 1731 1229 1800 τάλαιναν
1249 1732 1388 1818 ἤγαγεν,
1438 1741 1442 1758 ’

651 1835 752 1902 οἰδὲν
771 1835 840 1900 ποτ’
864 1838 895 1901 sl
914 1835 963 1922 μὴ
985 1831 1284 1920 ξυνθανουμένην;
1305 1830 1336 1895 τί
1356 1828 1442 1916 γάρ;

282 1939 332 2004 Sic
354 1938 560 2015 llcrmannus,
581 1955 672 2019 quem
694 1943 816 2000 secuma
836 1941 885 1998 est
906 1931 1119 1998 Schneidewin
1126 1952 1136 2008 ;
1158 1949 1228 1996 num
1248 1931 1340 2014 vulgo
1362 1937 1410 1996 eut
1429 1928 1529 2011 θροῶ
1550 1937 1581 1993 ει
1600 1928 1736 2015 ἤγαγες.
1780 1929 1881 1992 Rece-

281 2044 390 2117 pernut
410 2035 550 2117 θροεῖς,
572 2043 604 2100 ut
625 2033 794 2098 Cassandro
814 2031 945 2097 Oborum
966 2031 1189 2114 alloqueretur3
1210 2037 1240 2092 at
1261 2031 1287 2094 is
1308 2027 1380 2092 nihil
1400 2029 1459 2092 tale
1480 2028 1614 2108 dixerat,
1636 2046 1698 2118 quo
1714 2027 1883 2092 Cassandra

281 2133 320 2198 de
349 2141 432 2198 sorte
461 2133 518 2198 sibi
545 2135 674 2198 instante
704 2130 927 2196 admoneretur.
977 2131 1091 2194 Verum
1118 2137 1278 2212 postquam
1303 2129 1465 2192 vaticinata
1493 2135 1541 2190 est
1568 2127 1606 2190 de
1634 2126 1882 2210 Agumemnone,

283 2232 381 2295 subito
408 2250 443 2294 se
470 2248 591 2312 quoque
614 2229 651 2292 ud
673 2229 797 2292 cuedem
820 2232 924 2293 vocari
946 2239 1091 2314 auguratu
1114 2248 1197 2292 suem
1220 2236 1334 2292 sortem
1356 2227 1517 2308 deplorans
1538 2228 1602 2308 ipsa
1623 2225 1662 2289 dc
1684 2245 1718 2288 su
1740 2229 1821 2288 cunit
1842 2226 1881 2288 id

282 2331 321 2394 td
343 2328 519 2408 ταλαίνας.
551 2329 629 2392 ilinc
650 2330 787 2410 sequitur
806 2328 906 2412 θροῶ
927 2348 1033 2392 rerum
1056 2347 1136 2392 esse.
1169 2327 1210 2392 At
1231 2329 1275 2391 sic
1296 2344 1358 2390 nou
1380 2334 1480 2408 potest
1493 2333 1575 2390 sture
1589 2325 1670 2409 vulg.
1687 2325 1882 2411 ἐπεγχέαυα

282 2430 319 2493 ub
340 2429 466 2511 liugero
489 2437 657 2506 seruutum,
678 2427 760 2510 quod
779 2428 896 2492 duabus
917 2429 955 2492 de
978 2430 1077 2492 causis
1098 2427 1204 2490 falsum
1226 2445 1296 2490 esse
1318 2432 1457 2506 apparet,
1478 2427 1605 2506 primum
1627 2423 1707 2506 quod
1722 2423 1883 2510 ἑπεγχέαι

281 2546 344 2592 non
370 2528 543 2609 simpliciter
571 2536 619 2590 εει
647 2527 775 2605 uddere,
804 2527 859 2591 sed
880 2527 969 2590 alicui
989 2529 1051 2605 rei,
1079 2545 1109 2588 v.
1132 2544 1158 2588 c.
1181 2541 1304 2588 ueneno
1326 2523 1426 2588 infuso
1448 2525 1516 2601 (vel
1537 2523 1567 2586 b.
1589 2525 1608 2586 i.
1630 2523 1736 2598 morti)
1759 2525 1884 2604 insuper

282 2625 449 2691 effundere.
490 2626 582 2708 Atqui
604 2643 667 2690 uon
688 2628 752 2707 ipsa
774 2624 941 2689 tlessundra
962 2626 1047 2708 regis
1068 2625 1157 2688 morti
1179 2619 1400 2704 superinfundit
1421 2641 1505 2688 suum
1526 2639 1648 2705 queque
1671 2629 1801 2698 sortem,
1823 2621 1878 2684 sed

283 2723 536 2805 Clytaemnestra,
564 2743 642 2807 quee
671 2727 702 2788 ci
722 2743 833 2788 uocem
853 2732 946 2806 purat.
988 2722 1107 2786 Deinde
1129 2730 1258 2785 metrum
1279 2730 1445 2806 repugnat,
1473 2740 1584 2786 versus
1606 2721 1687 2784 eubn
1709 2729 1815 2802 eperte
1838 2728 1884 2782 εει

283 2821 411 2886 dimeter
438 2822 629 2886 docbmiecus
657 2825 851 2902 enutriendus,
881 2821 1129 2904 quemadmodum
1157 2821 1403 2902 antistropbicns,
1431 2841 1522 2903 quem
1548 2837 1609 2883 non
1631 2828 1718 2882 recte
1739 2819 1881 2901 Engerus

280 2921 403 2984 mutarit
432 2921 550 2984 adiecto
579 2943 614 2985 re
643 2929 711 2998 post
739 2919 857 3002 δέμας.
899 2921 978 2984 ilibil
1005 2922 1098 3002 igitur
1122 2927 1216 2980 restat
1243 2919 1300 2980 uisi
1319 2927 1354 2980 ut
1374 2918 1535 3003 έπεχχέαι
1555 2918 1723 2980 scribatur:
1757 2917 1879 2996 ,Meum

281 3025 394 3082 sortem
415 3018 584 3098 pronuncio
605 3013 751 3078 infudisse
773 3013 1071 3094 Clytaemnestram.“
1103 3014 1168 3075 Nec
1188 3013 1297 3076 nurum
1317 3019 1366 3074 est
1387 3010 1493 3094 αὐτήν
1512 3013 1564 3074 vei
1584 3035 1636 3076 νιν
1655 3030 1716 3075 nou
1737 3031 1808 3076 esse
1823 3014 1881 3076 ad-

280 3116 372 3182 dium
379 3135 389 3191 3
417 3113 632 3180 interfectricia
653 3115 734 3177 enim
755 3114 856 3194 imugo
876 3120 909 3176 ut
929 3113 960 3176 in
982 3111 1165 3193 antistropha
1186 3112 1289 3193 qmnta
1309 3130 1340 3173 u.
1364 3112 1458 3188 1092,
1488 3111 1528 3172 itu
1547 3109 1597 3174 bic
1618 3127 1740 3193 quoque
1762 3111 1879 3174 obver-

281 3223 372 3278 satur.
416 3214 476 3276 lum
498 3229 562 3276 non
582 3219 633 3275 est
653 3219 685 3274 ut
706 3229 773 3274 cum
795 3210 970 3274 liermenno
991 3209 1119 3292 ἤγαγες
1140 3216 1201 3286 (sc.
1223 3218 1256 3274 tn
1275 3209 1484 3293 Agamemno)
1505 3217 1604 3272 mutes
1626 3212 1655 3274 in
1677 3208 1810 3294 ἤγαγεν.

366 3313 455 3376 1112.
488 3311 587 3386 Ouum
608 3327 710 3392 neque
731 3309 770 3373 du
791 3309 873 3374 hieto
893 3311 924 3372 in
947 3308 983 3392 γέ
1004 3312 1038 3372 οι
1055 3307 1107 3370 vel
1127 3309 1158 3370 in
1180 3304 1409 3389 περεβάλονιό
1430 3309 1463 3372 ci
1481 3305 1664 3370 udutittendo
1678 3308 1751 3370 satia
1765 3315 1882 3370 certum

282 3413 334 3488 ait,
363 3427 422 3474 nec
448 3409 536 3474 verbi
562 3408 658 3473 forma
679 3407 792 3486 medie,
821 3425 909 3489 quum
931 3425 950 3471 ε
973 3407 1040 3470 cod.
1062 3405 1141 3470 lded.
1164 3413 1325 3470 servarunt
1345 3405 1537 3470 dermannus
1559 3415 1593 3470 et
1615 3405 1881 3482 Scbueidewmus,

282 3510 512 3592 explicationem
534 3507 656 3573 facilem
676 3507 799 3586 babent,
820 3509 878 3571 iam
899 3506 1016 3588 pridem
1037 3507 1232 3568 coniecerum
1252 3504 1334 3586 περὶ
1353 3502 1420 3590 γάρ
1440 3503 1619 3587 efflator.

365 3609 455 3672 iifl.
492 3607 555 3690 ἐγὼ
578 3603 615 3671 δέ
638 3602 836 3692 θερμόνους
855 3601 930 3691 τάχ’
956 3607 991 3669 ἐν
1012 3603 1103 3685 πέδῳ
1125 3605 1230 3686 βαλῶ.
1257 3603 1355 3678 Ouum
1375 3621 1477 3685 neque
1492 3603 1569 3667 baec
1584 3604 1672 3667 tectio
1687 3607 1774 3686 (qum
1788 3607 1881 3686 βαλῶ

282 3723 344 3770 nou
371 3714 472 3788 potest
498 3707 593 3788 accipi
620 3723 676 3787 pro
703 3702 856 3790 ἐμαυτὴν
875 3705 987 3785 βαλῶ)
1008 3710 1094 3766 recte
1117 3701 1241 3766 defendi
1262 3720 1365 3784 neque
1385 3703 1552 3786 Muegruuii
1571 3701 1705 3788 θερμὸν
1725 3702 1812 3783 ῥοῦν
1831 3703 1881 3766 uel

283 3805 448 3870 ilurmauui
469 3804 602 3891 θερμὸν
623 3798 688 3884 οὖς
709 3803 830 3886 proburi
850 3810 968 3883 posset,
998 3801 1165 3866 iumdudum
1187 3803 1257 3884 quia
1277 3799 1417 3865 ridebam
1437 3800 1477 3865 de
1499 3803 1648 3885 sauguine
1670 3799 1769 3865 eduae
1790 3805 1881 3887 cogi-

283 3904 404 3970 tandum
433 3923 521 3982 esee,
549 3905 743 3968 confeceram
769 3901 905 3989 θερμὴν
933 3900 1052 3989 αιμάθ
1079 3905 1116 3967 ἐν
1137 3900 1239 3984 πέδῳ.
1280 3903 1314 3966 ln
1336 3901 1466 3965 eandem
1487 3902 1667 3964 septemium
1690 3899 1881 3966 Scbneidew.

281 4001 484 4089 θερμοχοῠν
513 3999 605 4088 σεάγ·
635 4004 670 4068 έν
698 3999 789 4084 πέδῳ
818 4003 949 4066 coniecit
978 4001 1014 4068 ad
1044 4002 1198 4066 literarum
1228 4000 1449 4066 similitudinem
1469 4002 1572 4082 utique
1594 4001 1727 4082 propius.
1770 3999 1881 4062 Verum

283 4102 446 4186 siuguluris
471 4097 558 4183 οιάξ
585 4119 750 4184 nunquam,
780 4099 837 4165 scd
857 4101 978 4182 pluralis
998 4108 1111 4164 tanturm
1132 4101 1260 4183 fugitum
1292 4117 1388 4182 quare
1408 4097 1612 4184 θερμοχούς
1634 4095 1762 4180 αεάγας
1783 4095 1882 4162 πέδοι

285 4217 504 4283 proposuerim.
620 4265 625 4280 ,

367 4301 457 4362 1168.
490 4298 556 4363 iioc
575 4300 645 4364 loco
666 4299 757 4362 mdte
776 4299 959 4381 periclitatus
978 4305 1132 4381 postremo
1151 4299 1242 4361 incidi
1255 4301 1286 4360 iu
1301 4295 1379 4380 κᾷμ
1396 4293 1521 4360 ειδέναι
1534 4295 1669 4376 σαφεῖς.
1702 4293 1880 4358 ineundum

285 4397 351 4460 fere
371 4396 475 4460 incidit
497 4396 737 4462 emendationem
758 4398 930 4462 Ludcvicua
951 4397 1081 4462 Scbiller
1101 4398 1242 4460 scmbens
1261 4393 1384 4478 τορῶς.
1419 4393 1480 4457 Sed
1502 4401 1635 4474 praestet
1656 4391 1783 4475 Kayseri
1804 4393 1880 4456 ratio

284 4482 494 4582 έκμαρεὺριι
511 4517 572 4582 μοι
594 4496 753 4560 scribentis
774 4505 806 4560 et
826 4497 991 4560 Hemanui
1013 4496 1050 4562 rd
1074 4496 1123 4582 μὴ
1145 4492 1271 4561 ειδέναι
1291 4493 1476 4575 recipientis.

368 4597 458 4660 titt.
488 4591 558 4679 ἤδη
578 4596 750 4682 τέχναισιν
769 4595 901 4675 ἐνθέοις
917 4595 1093 4682 ᾑρημένῳ
1115 4593 1172 4657 liic
1187 4593 1361 4680 ᾑρημένη,
1383 4592 1497 4656 artibus
1510 4591 1619 4654 diuinis
1635 4591 1683 4653 vel
1698 4589 1882 4653 divinatione

284 4700 370 4775 capta
387 4695 439 4758 rel
453 4703 609 4776 correpte,
630 4713 754 4759 sensum
768 4695 910 4759 idoneum
923 4713 986 4759 non
1000 4696 1139 4777 precinct,
1161 4701 1194 4757 ut
1206 4694 1325 4757 mireris
1339 4691 1378 4754 ub
1393 4690 1561 4754 editoribus
1574 4690 1747 4761 nouissimis
1761 4695 1883 4770 praeter

285 4790 475 4856 liurstcnium
503 4793 641 4857 omnibus
669 4813 740 4858 essc
768 4801 927 4858 retentum.
969 4794 1007 4857 iit
1027 4795 1077 4858 ille
1099 4792 1220 4876 quidem
1241 4791 1416 4855 abductus
1436 4787 1795 4874 ρτοροευίιήσκημένη.
1835 4786 1883 4848 Ac

283 4907 361 4953 vero
382 4891 573 4956 desideratur
593 4893 676 4956 notio
699 4899 841 4972 „omate,
862 4893 1045 4956 mounes&
1075 4893 1142 4956 Fuit
1162 4909 1253 4974 quum
1267 4889 1377 4954 vobem
1393 4890 1602 4976 κεκαρμένη,
1623 4886 1810 4969 ,iusignis“,
1831 4885 1882 4948 uel

286 4987 515 5075 κοσμουμένη.
544 4989 631 5054 Nunc
652 4998 752 5054 autem
773 4991 901 5055 coniicio
924 4992 1120 5078 κεχρημένη
1140 4999 1173 5054 ut
1193 4990 1440 5073 simplicissimam
1460 4995 1493 5052 ct
1506 4987 1543 5050 ed
1556 4987 1695 5067 uobopuii
1709 4991 1884 5048 contextum
