4668 6040
961 441 1333 579 κ-16-

492 694 582 756 itta.
622 693 731 780 μέλας
745 693 868 776 Ἄρης,
896 691 977 759 ὅποι
999 692 1096 762 δίκαν
1117 699 1313 780 προβαίνων
1333 697 1453 786 πάχνᾳ
1473 696 1675 781 κουροβόρῳ
1698 697 1850 784 παρέξει
1893 704 2007 770 Intole-

410 789 506 853 rabile
528 799 591 870 est,
612 791 693 872 quod
714 791 791 855 haec
812 791 951 856 iubenum
971 795 1016 856 sic
1036 797 1176 877 accipere
1198 815 1234 858 ac
1255 799 1281 859 si
1302 805 1399 875 essct,
1421 795 1616 878 προβαίνων
1637 795 1675 863 δὲ
1694 795 1776 864 ὅποι
1791 800 1834 864 ἂν
1848 802 1907 866 καὶ
1920 797 2007 886 προ-

409 886 519 971 βαίιῃ.
562 887 649 962 Quod
678 890 785 952 malum
814 890 954 971 equidem
983 893 1099 956 evitare
1127 895 1226 958 malim
1251 895 1390 959 scribens
1410 895 1518 980 μέλας
1532 894 1645 977 Ἄρης·
1675 892 1824 962 δίκανδ
1850 899 1904 965 ἀεὶ
1921 923 2006 986 προ-

409 984 552 1066 βαίνων,
584 988 754 1066 „ultionem
780 1007 877 1070 usquc
904 991 1108 1074 progrediens
1133 993 1324 1074 praebebit“.
1366 993 1431 1057 Nec
1460 992 1665 1074 spernendum
1693 996 1774 1076 quod
1795 1015 1850 1077 pro
1871 996 2006 1084 πάχνᾳ,

410 1083 491 1165 quod
518 1089 624 1149 nescio
650 1106 712 1169 quo
738 1089 803 1150 iure
832 1107 971 1152 πνοιεοι
995 1099 1167 1154 cornetum
1193 1111 1263 1155 esse
1285 1093 1403 1170 volunt,
1431 1109 1500 1154 nam
1521 1093 1656 1172 pnriuam
1677 1093 1839 1176 significat,
1868 1095 2006 1182 Hartung

408 1185 527 1265 scripsit
547 1183 658 1268 θοίνᾳ.

780 1285 870 1346 1495.
905 1283 973 1348 ἀλλ’
999 1285 1082 1370 ἐμὸν
1102 1290 1141 1350 ἐκ
1162 1285 1255 1352 τοῦδ’
1281 1289 1383 1370 ἔρνος
1405 1286 1530 1369 ἀερθὲν

904 1385 965 1466 τῆς
985 1382 1228 1467 πολοκλαύτης
1245 1384 1463 1469 Ἰφιγενείας,

904 1475 987 1562 ἄξια
1009 1479 1161 1563 δράσας,
1184 1478 1269 1564 ἄξια
1289 1481 1445 1568 πάσχων.

405 1573 473 1638 Non
494 1575 566 1640 tibet
588 1579 688 1640 vanas
709 1579 842 1640 virorum
863 1577 1019 1642 doctonun
1042 1582 1250 1644 correctiones
1271 1580 1406 1660 referre,
1427 1601 1446 1644 e
1468 1579 1576 1662 quibus
1596 1590 1682 1646 recte
1704 1585 1851 1648 intellexit
1866 1586 2004 1670 Hartung

406 1669 495 1736 ἀλλά
517 1675 690 1755 ponendmn
711 1694 782 1740 csse
804 1683 874 1740 ante
896 1673 980 1760 ἄξια
1001 1673 1147 1760 δράσας.
1186 1679 1253 1752 Ouo
1274 1681 1455 1761 transposito
1477 1682 1522 1743 sic
1542 1682 1732 1762 scripserim:

877 1775 959 1860 ἐμὸν
980 1779 1018 1841 ἐκ
1039 1773 1132 1841 τοῦδ
1156 1778 1258 1860 ἔρνος
1277 1776 1506 1862 ἀποσφάξας,

873 1873 1075 1956 Ἰφιγένειαν
1095 1874 1351 1958 canicularium
1375 1875 1445 1940 ἀλλ’

879 1967 963 2053 ἄξια
983 1969 1136 2052 δράσας,
1157 1969 1242 2056 ἄξια
1261 1971 1419 2059 πάσχων.

405 2063 481 2127 Nam
502 2063 642 2146 ἀερθέν,
667 2068 748 2148 quod
768 2069 816 2132 alii
837 2077 941 2132 ποιωκ
960 2069 1011 2134 vel
1032 2071 1166 2134 οδνίιιιιι
1187 2089 1258 2134 esse
1280 2073 1401 2150 volunt,
1426 2072 1565 2158 Hmtung
1585 2077 1731 2150 οοοιιιιιι,
1756 2093 1797 2138 ex
1812 2076 1914 2157 ἔρνος
1929 2077 2001 2139 oriri

406 2163 508 2244 potuit.

739 2269 828 2331 1518.
860 2267 911 2348 τίς
933 2265 962 2332 δ
980 2267 1181 2355 ἐπιτύμβιος
1202 2269 1299 2350 αἶνος
1320 2271 1371 2335 ἐπ’
1391 2269 1490 2352 ἀνδρί
1510 2270 1593 2351 θείῳ

858 2366 922 2431 σίν
941 2364 1145 2449 δακρύοισιν
1166 2365 1294 2432 ἰάπτων

858 2463 1005 2548 ἀληθείᾳ
1026 2469 1162 2547 φρενῶν
1184 2466 1343 2549 πονήσεις

403 2555 498 2620 Recte
520 2557 640 2640 quidem
662 2561 721 2622 vim
741 2563 889 2642 poeticam
903 2563 1096 2628 Wettauems
1117 2564 1286 2649 infringere
1308 2569 1348 2629 ait
1369 2584 1440 2644 eos,
1461 2569 1512 2648 qni
1534 2566 1629 2630 αίνον
1644 2563 1843 2649 ἐπιτύμβιον
1858 2564 1998 2626 scribant.

404 2653 518 2718 Verum
538 2657 565 2720 si
585 2661 798 2722 nominativum
818 2663 967 2738 retineas,
989 2660 1118 2726 ἰάπτων
1136 2667 1265 2727 otiosum
1284 2667 1355 2743 erit,
1378 2684 1477 2746 neque
1493 2665 1664 2745 exemplum
1678 2663 1904 2746 significationis
1919 2680 2000 2724 neu-

403 2753 500 2832 tralis,
532 2773 620 2838 quarn
646 2759 676 2820 ei
701 2759 848 2839 tribuunt,
875 2779 1001 2844 usquam
1028 2765 1176 2842 reperies
1218 2763 1293 2825 Nam
1319 2764 1420 2844 Suppl.
1448 2766 1507 2826 531
1536 2762 1727 2826 scribendum
1749 2763 1806 2824 erit
1828 2756 1940 2824 ἰάπτει
1961 2756 1999 2822 δὲ

404 2849 505 2932 βάσιν
527 2852 565 2917 δι’
589 2855 680 2932 αἴας.
721 2858 822 2928 Quare
844 2862 1033 2938 reposuerim
1055 2859 1171 2937 ἰύζων,
1193 2880 1262 2921 cum
1281 2862 1411 2922 lacrimis
1432 2862 1646 2939 ingemiscens.

736 2953 824 3016 1541.
857 2949 987 3034 ὅρκους
1007 2951 1136 3038 θεμένη
1153 2949 1234 3017 τάδε
1253 2951 1316 3038 μὲν
1337 2952 1502 3034 στέργων,

860 3047 1032 3132 δύστλητά
1052 3071 1119 3132 περ
1140 3049 1211 3116 ὄνθ’
1215 3099 1224 3114 .
1250 3048 1270 3115 ὅ
1292 3048 1329 3114 δὲ
1349 3048 1487 3128 λοιπόν,
1507 3047 1581 3115 ίάνί

858 3151 897 3212 ἐκ
919 3145 1020 3212 τάνδε
1041 3145 1155 3233 δόμων
1176 3149 1283 3230 ἄλλην
1302 3148 1417 3232 γενεὰν

854 3246 980 3328 τρίβειν·
998 3244 1164 3325 θανάτοις
1187 3245 1414 3310 αὐθένταισιν.

403 3341 576 3405 Pactioncrn
597 3345 705 3408 initura
726 3363 795 3408 cum
816 3343 965 3408 daemone
987 3347 1095 3428 regina
1116 3346 1156 3408 ait
1177 3363 1212 3406 sc
1233 3345 1475 3426 aequibonique
1496 3343 1600 3407 iacere
1616 3345 1710 3422 rede,
1731 3363 1809 3428 quae
1824 3345 1997 3429 obtigerint,

403 3445 539 3522 quamvis
560 3443 644 3506 dura.
680 3444 741 3507 iam
762 3463 838 3526 opus
859 3453 921 3520 cst,
942 3451 975 3506 ut
995 3463 1037 3506 cx
1058 3444 1153 3506 altera
1173 3450 1258 3524 parte
1279 3443 1409 3522 dicatur,
1434 3443 1629 3528 quidpiaccrc
1651 3453 1790 3525 oporteat
1809 3445 1996 3508 daemonem.

404 3539 573 3622 Exspectes
594 3543 685 3625 igitur
705 3542 831 3605 fortiore
853 3543 1040 3626 oppositione
1063 3544 1106 3604 sic
1128 3559 1324 3622 expressum:
1347 3541 1423 3620 „tile
1438 3550 1537 3604 autem
1551 3541 1714 3606 discedens
1729 3561 1771 3604 cx
1784 3543 1909 3606 aedibus
1923 3543 1998 3604 meis

404 3639 463 3702 alio
485 3658 519 3702 se
542 3645 731 3704 convertam*
763 3642 829 3704 Ηοο
850 3643 908 3704 crit
929 3639 948 3706 ὁ
971 3638 1008 3704 δὲ
1028 3637 1148 3704 λοιπὸι·
1168 3639 1227 3702 ἰὼν
1242 3675 1281 3686 -
1296 3639 1422 3720 τρίβοι,
1443 3643 1528 3723 qnasi
1549 3640 1643 3703 dicat:
1665 3640 1805 3722 equidem
1826 3659 1894 3704 mea
1915 3639 1997 3703 ferre

403 3745 508 3819 parata
535 3757 615 3816 sum,
643 3739 803 3802 dummodo
830 3739 880 3802 ilie
908 3739 1010 3816 abeat,
1038 3739 1158 3821 syntaxi
1185 3739 1381 3819 paratactica‚
1408 3758 1497 3820 quam
1521 3741 1631 3821 passim
1658 3741 1826 3802 observare
1847 3740 1931 3816 ticet,
1959 3737 1997 3800 de

404 3855 463 3920 qua
483 3856 519 3900 re
540 3836 672 3902 Baeuml.
687 3857 735 3922 gr.
750 3857 798 3924 gr.
818 3844 849 3916 ς.
872 3839 932 3900 678
953 3837 1125 3900 doctissime
1146 3838 1217 3920 agit
1254 3835 1291 3898 Et
1312 3835 1331 3900 ὁ
1352 3836 1388 3901 δὲ
1408 3837 1528 3903 λοιπὸν
1550 3835 1611 3902 iaia
1631 3841 1689 3901 iam
1710 3839 1850 3920 Hmtnng
1869 3839 1996 3917 scripsit

489 3939 578 4000 1568.
614 3936 701 4000 Hunc
723 3956 846 4000 versum
867 3937 911 4000 sio
932 3937 1050 4000 scribo:
1068 3933 1208 4016 Ἀτρεύς
1228 3931 1423 4020 προθύμως
1444 3932 1549 4018 δῆθεν
1571 3935 1620 4016 ὠς
1641 3936 1746 4016 φίλος
1767 3933 1881 4016 πατρί.
1924 3934 1998 3996 Nam

403 4035 503 4098 litotes
523 4031 718 4121 προθύμως
734 4037 866 4122 μᾶλλον
887 4033 910 4116 ἤ
929 4035 1040 4116 φίλως
1061 4036 1182 4096 minime
1204 4042 1272 4116 apta
1293 4033 1425 4112 ridetur,
1447 4037 1517 4115 quia
1538 4034 1567 4096 id
1588 4037 1710 4098 omnino
1725 4036 1820 4097 amice
1835 4031 1998 4110 coniecit,

404 4133 459 4198 sed
484 4135 641 4214 simulans,
669 4153 705 4198 se
733 4153 802 4198 cum
826 4132 1055 4196 iratrcreduco
1078 4135 1257 4216 ingratiam
1278 4131 1456 4209 rediturum,
1489 4131 1621 4196 studiose
1643 4133 1758 4194 scilicet
1778 4133 1864 4214 quasi
1885 4133 1998 4194 amicus

403 4233 479 4314 patri
500 4234 603 4314 epulas
623 4235 749 4315 paravit
781 4233 814 4296 in
835 4251 929 4296 versu
950 4233 1109 4314 superiore
1130 4231 1272 4314 Engcrus
1293 4230 1467 4294 Blomiieldii
1489 4227 1594 4309 αὐτὸς
1613 4239 1699 4293 τεοιε
1718 4233 1844 4311 recepit
1878 4229 1998 4311 Sprevit

403 4333 510 4394 nescio
537 4349 596 4414 qua
622 4331 661 4396 dc
691 4350 782 4396 causa
808 4331 1058 4396 Schneidewinus
1087 4329 1225 4392 scribens
1246 4328 1357 4414 γαίας.
1400 4330 1461 4394 Sed
1481 4337 1570 4412 poeta
1590 4329 1649 4391 hoc
1670 4328 1757 4391 dicit:
1789 4347 1856 4391 eam
1877 4329 1997 4410 quidem

405 4433 524 4495 reniam
545 4433 676 4510 invenit,
697 4441 729 4494 ut
749 4450 790 4494 ne
811 4431 1003 4494 occideretur
1024 4431 1104 4509 ipsc,
1125 4447 1194 4490 narn
1215 4427 1302 4491 liberi
1324 4431 1418 4491 occisi
1438 4435 1516 4490 sunt
1559 4427 1610 4490 Sic
1631 4429 1720 4490 ctiam
1740 4425 1869 4508 Kayser.

655 4533 743 4594 1512
774 4527 886 4616 μόρον
906 4527 938 4594 δ
961 4527 1112 4607 ἄφερτον
1131 4525 1344 4606 Πελοπίδαις
1365 4525 1560 4612 ἐπεύχεται,

775 4625 948 4714 λάκτισμα
969 4625 1107 4690 δείπνου
1128 4621 1295 4707 ξυνδίκως
1317 4625 1424 4704 τιθεὶς
1446 4621 1549 4705 ἀράν,

776 4723 886 4804 οὕτως
906 4723 1050 4790 ὀλέσθαι
1070 4725 1140 4786 πάν
1159 4721 1196 4787 τὸ
1218 4721 1455 4802 Πλεισθένους
1475 4722 1583 4805 γένος.

407 4823 631 4889 Βολοείδειιίοἰ
651 4823 821 4887 emendatio
842 4842 898 4904 pro
920 4822 1011 4904 ἀρὰν
1030 4819 1141 4899 οὕτως
1162 4821 1321 4884 scribentis
1343 4821 1413 4900 ἀρᾷ
1437 4819 1533 4902 ἀρᾶτ’
1555 4817 1706 4899 displicet,
1727 4835 1786 4880 nec
1809 4814 1898 4879 rideo
1918 4835 1999 4898 quo-

407 4923 496 4985 nodo
523 4921 692 5002 σιω-δι’κως
721 4922 872 5006 expediat.
916 4921 1008 4983 immo
1035 4919 1205 4982 rectissime
1231 4919 1422 4982 dermannus
1447 4917 1564 4980 viderat
1593 4913 1760 4994 συνδίκοις
1782 4914 1819 4977 ud
1841 4915 1999 4996 sequentia
