4668 6040
963 565 1210 635 ..9..

701 756 770 816 952.
804 750 902 831 Οὐδ,
925 751 1130 834 ἀποπτύσας
1152 750 1250 818 δίκαν

804 850 1003 934 Δυοκρίτων
1023 849 1209 936 ὀνειράτων

802 947 943 1032 Θάρσος
964 949 1106 1030 εὐπαλὲς
1127 949 1191 1030 ίζει

799 1047 931 1129 Φρενὸς
955 1047 1056 1128 φίλον
1075 1046 1216 1129 δρόνον.
1236 1045 1369 1134 χρόνος
1391 1043 1421 1111 δ
1447 1046 1519 1110 ἐπεὶ

801 1144 1033 1230 Προμνηοίων
1053 1141 1279 1231 ξυνεμβόλοις

803 1239 969 1330 Ψαμμίας
991 1241 1125 1324 ἀκοίτας
1148 1241 1244 1327 παρή
1258 1283 1272 1296 -

735 1353 741 1376 ⁸
802 1343 920 1423 βησεν,
941 1334 1013 1408 εὗδ’
1036 1341 1093 1407 ὑπ’
1107 1343 1216 1408 Ἴλιον

796 1433 903 1523 Ὧρτο
923 1439 1098 1523 ναυβάτας
1119 1438 1276 1524 στρατός.

164 1597 173 1618 ,
287 1541 376 1618 Sunt,
398 1542 448 1622 qui
470 1539 670 1603 nominativos
692 1537 757 1600 illos
778 1539 945 1618 absolutos,
966 1541 1085 1621 qualem
1108 1535 1314 1622 ἀποπτύσας
1336 1555 1407 1600 esse
1429 1539 1547 1617 volunt,
1568 1539 1656 1604 lecilc
1683 1547 1888 1622 concoquant,

284 1641 315 1703 in
344 1657 472 1721 quorum
499 1655 560 1721 ego
588 1654 716 1700 numero
745 1653 806 1700 non
833 1656 912 1716 sum,
942 1638 997 1701 sed
1017 1639 1115 1720 paullo
1137 1637 1332 1700 infirmiorem
1353 1655 1402 1698 mc
1425 1637 1582 1700 confiteor.
1626 1637 1701 1701 Nem
1722 1638 1817 1702 facilis
1840 1646 1887 1701 est

286 1737 457 1801 emendatio
479 1733 678 1800 cinomiam
699 1735 788 1798 etad
809 1755 933 1799 sensum
954 1735 1281 1800 accommodatissima:
1305 1734 1420 1814 ,Coras
1442 1735 1507 1798 illas
1528 1755 1590 1800 non
1605 1744 1753 1820 tunquam
1770 1738 1885 1800 somnia

285 1837 418 1899 abiicere
440 1834 569 1898 oudeo“.

367 1934 467 1997 Paullo
488 1940 556 2015 post
577 1929 688 2014 ἀκότη
711 1933 888 1998 vocabulum
910 1937 976 1998 sine
999 1935 1140 2017 exemplo
1156 1941 1219 2012 est,
1241 1942 1272 1996 et
1287 1934 1312 1995 sl
1327 1930 1458 1998 ἀκάτου
1473 1936 1649 2015 scripseris,
1668 1943 1700 1998 ut
1715 1932 1887 1998 Schneide-

284 2035 365 2096 wino
394 2033 529 2114 placuit„
547 2033 650 2111 inepte
673 2037 773 2094 tamen
795 2033 909 2096 dicatur
930 2037 1016 2096 navis
1038 2031 1197 2120 φαμμία,
1224 2047 1368 2110 arenoso,
1398 2033 1455 2094 nisi
1476 2051 1557 2114 quac
1577 2033 1717 2096 demersa
1740 2041 1772 2095 ct
1793 2049 1888 2095 arena

285 2133 323 2195 sit
350 2131 467 2194 obrute.
512 2130 623 2194 Contra
652 2129 739 2214 ἀκτῇ
768 2135 877 2212 optime
906 2135 1073 2196 convenire
1095 2131 1165 2196 illud
1187 2130 1366 2194 edieotivnm
1388 2132 1445 2192 lom
1466 2131 1659 2195 Wellauerus
1681 2130 1809 2194 viderat.
1853 2130 1886 2192 ln

285 2248 324 2292 eo
346 2237 445 2293 eutem
467 2231 593 2307 erravit,
615 2228 695 2310 quod
717 2233 885 2294 exercitum
906 2233 1106 2295 consenuisse
1128 2229 1186 2293 dici
1208 2230 1335 2320 putavit,
1357 2228 1387 2290 id
1404 2228 1485 2311 quod
1506 2229 1614 2292 decem
1628 2247 1775 2293 annorum
1791 2232 1886 2310 spatio

284 2329 351 2393 ficri
373 2348 434 2393 non
455 2337 587 2412 poterat,
609 2331 698 2392 immo
720 2337 836 2412 tempus
858 2333 1017 2394 consenuit
1032 2331 1081 2394 vel
1095 2329 1250 2406 delloruit,
1273 2346 1367 2410 quero
1382 2328 1575 2393 llormannus
1589 2330 1758 2392 rectissime
1774 2345 1885 2391 emen-

285 2427 365 2490 davit
392 2426 520 2514 χρόνος
550 2427 586 2494 δὲ
607 2449 668 2492 τοι.
710 2428 821 2492 Varum
851 2423 1080 2514 ξυνεμβόλοις
1108 2429 1158 2492 vel
1188 2423 1251 2511 ξὺν
1271 2428 1437 2512 ἐμβολαῖς
1458 2445 1519 2489 non
1541 2426 1580 2489 dc
1601 2425 1715 2490 lunium
1738 2429 1766 2488 in
1790 2445 1885 2488 neves

284 2528 446 2589 iniectione
468 2526 710 2610 intelligendum,
732 2547 809 2608 quae
830 2529 862 2592 lit
882 2547 973 2610 quum
994 2529 1025 2590 in
1046 2529 1136 2591 altum
1157 2525 1343 2604 evehuntur,
1365 2525 1420 2588 sed
1434 2524 1473 2587 de
1487 2526 1608 2588 navium
1622 2525 1747 2606 appulsu
1762 2523 1798 2586 cd
1814 2525 1883 2588 litus

284 2645 460 2705 nonnosum,
482 2646 576 2710 qrrare
599 2627 791 2691 scribendum
812 2624 943 2713 χρόνος
965 2623 1001 2692 δέ
1023 2647 1075 2690 τοι
1095 2623 1320 2712 πρυμνησίων
1338 2619 1580 2708 ξυνεμβολαῖς
1596 2622 1760 2709 ψαμμίας
1777 2621 1885 2701 ἀκτᾶς

285 2723 495 2808 παρήβησεν.
539 2725 572 2787 ln
602 2727 784 2808 antistropha
813 2734 912 2790 eutem
940 2744 1030 2808 quum
1059 2743 1169 2788 versus
1192 2726 1250 2786 969
1280 2719 1480 2809 εὔχομαιδ
1506 2719 1561 2785 ἀπ’
1585 2722 1672 2806 ἐμᾶς
1694 2742 1725 2784 τι
1746 2717 1883 2799 ἐλπίδος

284 2829 390 2902 aperte
413 2823 539 2886 vitiosus
562 2825 614 2900 sit,
637 2842 726 2904 quem
748 2827 832 2888 varie
855 2823 1019 2888 emendare
1041 2825 1141 2886 eonati
1162 2829 1245 2899 sunt,
1268 2821 1405 2906 lecillima
1420 2821 1613 2883 correctione
1630 2819 1782 2905 εὔχομαι
1796 2817 1883 2882 ταῦτ’

285 2915 326 3000 ἔξ
346 2921 436 3003 ἐμάς
460 2920 600 2982 scribens
620 2927 853 3000 responsionem
874 2923 1026 2984 clleoeris.
1133 2951 1144 2966 =

368 3015 497 3096 Stropha
519 3015 607 3078 huius
629 3017 770 3078 carminis
792 3017 886 3078 altero
908 3015 1000 3077 variis
1021 3012 1136 3076 referte
1158 3020 1206 3074 est
1226 3013 1314 3074 vitiis.
1358 3012 1549 3074 Hermannus
1572 3015 1615 3074 sic
1638 3014 1775 3092 scripsit:

653 3112 748 3199 μάλα
769 3115 806 3198 γέ
822 3135 873 3178 τοι
892 3112 930 3178 τὸ
954 3111 1079 3190 πολέος
1101 3109 1125 3195 γ’
1149 3109 1265 3192 ὑγιίας

657 3208 844 3294 ἀκόρεστον
864 3210 981 3295 τέρμα.
1025 3205 1128 3288 νόσος
1150 3207 1216 3290 γὰρ
1238 3207 1291 3274 ἀεὶ

657 3309 771 3392 γείτων
791 3305 978 3395 ὁμότοιχος
998 3303 1133 3389 ἐρείδει,

555 3407 622 3468 oto.
656 3405 714 3470 καὶ
735 3404 867 3493 πότμος
888 3404 1096 3488 εὐθυπορῶν

657 3500 784 3586 ἀνδρὸς
806 3505 946 3569 ἔπαισεν
968 3503 1122 3584 ἄφαντον
1143 3499 1243 3586 ἕρμα.

657 3599 773 3668 καὶτὸ
795 3601 859 3688 μὲν
879 3602 946 3684 πρὸ
968 3600 1157 3689 χρημάτων

560 3699 627 3763 980.
660 3699 805 3783 κτησίων
826 3700 928 3780 ὄκνος
947 3701 1062 3782 βαλών

658 3796 850 3880 σφενδόνας
872 3797 928 3863 ἀπ’
951 3797 1132 3884 εὐμέτρου,

656 3895 721 3962 οὐκ
743 3894 805 3962 ἔδυ
825 3894 964 3980 πρόπας
984 3893 1091 3982 δόμος

660 3996 819 4080 πημονᾶς
841 3995 951 4082 γέμων
972 3994 1071 4080 ἄγαν,

661 4091 735 4158 οὐδ’
759 4093 911 4161 ἐπόντισε
932 4091 1072 4174 σκάφος

658 4188 770 4255 πολλοὶ
791 4191 812 4254 τ’
830 4193 873 4258 ἂν
895 4189 991 4272 δόσις
1013 4194 1051 4256 ἐκ
1072 4190 1156 4270 Διὸς
1178 4187 1389 4275 ἀμφιλαφής
1411 4211 1445 4254 τε
1460 4189 1518 4252 καὶ
1533 4185 1570 4271 ἐξ
1586 4187 1721 4254 ἀλόκων
1736 4191 1888 4254 ἐπετειᾶν

658 4289 774 4370 νῆστιν
794 4289 918 4356 ὤλεσεν
940 4288 1051 4355 νόσον.

371 4387 499 4450 Versum
522 4387 593 4448 ott.
638 4385 889 4452 Schneidewinus
914 4387 1068 4468 adsumpto
1089 4383 1264 4448 Blomlicldli
1287 4383 1340 4450 ἀεί
1366 4393 1435 4467 post
1455 4382 1557 4463 νόσος
1580 4383 1647 4470 γάρ
1669 4389 1713 4451 sic
1735 4387 1884 4451 emcnda-

288 4487 349 4548 vit:
371 4483 468 4570 μάλα
488 4507 522 4550 τε
542 4484 609 4569 γὰρ
630 4484 666 4549 τὸ
688 4486 811 4566 πολέος
833 4485 858 4571 γ’
881 4485 997 4568 ὑγιῒας
1019 4488 1085 4549 κτέ.
1118 4484 1212 4557 Recte
1234 4482 1355 4565 quidem
1369 4486 1400 4548 in
1415 4503 1449 4548 re
1465 4503 1593 4562 summe,
1615 4483 1670 4548 sed
1685 4486 1715 4547 in
1729 4485 1885 4548 nonnullis

289 4583 326 4646 alt
348 4601 388 4646 eo
409 4582 624 4646 discedendum
646 4583 785 4646 arbitror.
816 4587 891 4650 llam
911 4587 1038 4666 primum
1059 4583 1099 4648 de
1121 4583 1287 4646 llermanni
1308 4584 1482 4647 coniectura
1496 4581 1624 4660 πολέος
1639 4599 1700 4644 non
1716 4583 1789 4646 satis
1803 4601 1883 4646 con-

288 4682 361 4763 fido,
383 4685 453 4766 quia
473 4681 563 4746 donn
583 4683 660 4746 hoec
682 4691 728 4747 est
749 4686 888 4750 vocabuli
909 4685 1013 4750 lorma.
1045 4683 1163 4752 Deinde
1186 4703 1276 4765 quum
1298 4683 1449 4748 sententia
1469 4683 1546 4746 hacc
1560 4679 1628 4744 lere
1643 4699 1714 4744 esse
1730 4681 1883 4746 videatur:

290 4779 410 4860 ,Nemo
431 4783 503 4862 soit,
524 4799 614 4864 quam
635 4780 686 4846 diu
706 4783 846 4848 ualetudo
868 4785 906 4847 sit
926 4783 1081 4862 duratura,
1103 4783 1173 4865 quia
1193 4783 1311 4846 vicinus
1331 4781 1467 4846 habitans
1486 4779 1609 4844 morbus
1623 4798 1745 4863 sempor
1760 4782 1884 4862 mget,“

289 4879 467 4962 significatio
488 4882 632 4964 temporis
652 4881 799 4966 longioris
820 4881 1022 4960 laudentur,
1046 4881 1141 4964 qualis
1163 4887 1211 4944 est
1230 4880 1450 4966 μακροτέρας
1469 4881 1539 4956 (Fr.
1556 4879 1748 4942 'llrierschius
1763 4877 1885 4960 quidem

289 4976 327 5042 de
350 4978 468 5062 analog.
484 4980 523 5059 ll,
547 4981 587 5043 12
608 4975 846 5062 σφοδροτέρας
868 4981 988 5056 νολολ).
1020 4980 1132 5044 Nescio
1154 4986 1252 5044 autem
1274 4996 1312 5042 an
1337 4975 1524 5060 ἀκόρεστον
1550 4978 1698 5040 nonsatis
1716 4977 1886 5058 aptumsit‚

1666 5077 1687 5149 2
