4668 6040
1137 567 1380 632 ..4,

450 757 541 820 ιιιιτιιιι
563 757 693 839 egregie
715 755 928 832 emendarunt,
949 762 1049 818 tamen
1071 757 1214 819 nonnulla
1235 759 1458 838 praeterierunt
1480 763 1528 817 aut
1550 757 1589 816 ita
1604 763 1822 832 uacmverunt,
1844 765 1875 818 ut
1890 757 2051 823 dissentire

451 865 483 918 et
505 856 582 918 dam
605 871 715 916 novam
736 853 857 938 ingredi
877 853 976 916 liceat.
1009 852 1116 936 Neque
1138 856 1219 918 enim
1238 875 1328 936 quum
1344 857 1510 939 cogitamus
1525 853 1595 935 quid
1610 853 1656 916 bis
1672 852 1739 917 iere
1754 855 1952 939 quadraginin
1966 861 2052 921 annis

451 957 481 1016 in
504 955 562 1016 boc
583 961 672 1034 poeta
693 951 885 1034 explanando
906 949 1075 1034 proiectum
1096 953 1147 1030 sit,
1169 952 1360 1016 dubitandum
1381 961 1429 1016 est
1449 954 1521 1034 quin
1539 969 1631 1032 porro
1646 953 1832 1032 proficiatur,
1855 958 1894 1032 si,
1916 957 2051 1037 quisquis

452 1051 605 1133 Aeschylo
634 1069 758 1132 operam
787 1050 937 1114 assiduam
965 1050 1118 1128 tribuerit,
1147 1052 1178 1113 in
1206 1070 1293 1142 usum
1320 1069 1509 1116 communem
1538 1049 1672 1131 prolerat
1699 1069 1776 1132 quae
1802 1055 1916 1116 rectius
1938 1054 2051 1118 vidisse

452 1149 599 1212 videatur.
634 1149 720 1211 llaec
741 1151 844 1230 opinio
864 1169 913 1212 me
935 1150 1041 1228 movit,
1062 1157 1095 1211 ut
1109 1167 1190 1212 nuno
1204 1157 1321 1230 partem
1335 1168 1442 1213 eorum
1456 1148 1595 1226 ederem,
1617 1166 1695 1230 quae
1710 1150 1833 1213 iamdiu
1848 1160 2050 1216 annotassem.

452 1249 525 1311 Nam
546 1249 694 1312 lubricum
715 1249 772 1310 boc
793 1248 1012 1312 emendationis
1033 1265 1104 1310 esse
1129 1250 1284 1332 negotium
1306 1251 1372 1330 quis
1387 1265 1449 1312 non
1464 1255 1609 1329 expertus
1623 1249 1698 1310 est?
1728 1247 1828 1330 Atque
1844 1267 1885 1312 ex
1898 1251 1950 1328 iis,
1972 1270 2050 1332 quae

452 1357 522 1410 ante
544 1349 601 1409 bos
622 1349 729 1431 viginti
750 1349 799 1410 vel
820 1347 928 1411 decern
949 1345 999 1410 ael
1020 1347 1154 1428 quinque
1176 1365 1273 1409 annos
1294 1355 1326 1410 ut
1338 1355 1425 1409 recte
1441 1345 1599 1409 emendata
1613 1346 1681 1409 libri
1695 1349 1756 1410 mci
1769 1350 1898 1430 margini
1912 1348 2051 1430 adscrip-

452 1465 569 1522 seram,
591 1447 681 1508 multa
702 1453 808 1526 postea
828 1447 880 1508 vel
900 1447 966 1527 ipse
988 1445 1085 1508 abieci
1106 1447 1156 1508 rel
1178 1445 1215 1507 ab
1237 1446 1301 1508 aliis
1323 1453 1373 1509 aut
1392 1443 1522 1508 refutata
1543 1453 1593 1507 aut
1614 1445 1720 1508 medus
1735 1446 1893 1509 emendata
1908 1450 2050 1530 cognovi.

453 1545 514 1607 Sed
545 1546 583 1607 de
614 1545 678 1607 aliis
705 1547 772 1626 plus
800 1544 904 1607 decies
932 1545 1065 1608 tractatis
1091 1563 1214 1625 semper
1241 1543 1308 1607 iere
1330 1544 1437 1607 eadem
1460 1544 1540 1605 stetit
1561 1547 1720 1606 sententia.
1764 1545 1849 1607 Nunc
1871 1553 1970 1608 autem
1993 1548 2049 1609 etsi

452 1661 556 1706 morae
582 1661 643 1704 non
672 1643 831 1722 poenituit,
861 1644 971 1724 placuit
991 1642 1142 1706 lorbrnam
1164 1642 1323 1724 aliquando
1344 1651 1463 1706 tentare
1485 1650 1516 1704 et
1537 1643 1587 1719 ιιι,
1615 1661 1693 1724 quae
1715 1643 1810 1706 tribus
1832 1646 1919 1706 annis
1941 1644 2050 1706 abhinc

451 1743 489 1803 de
512 1739 728 1804 Eumenidibus
750 1743 947 1804 coniectanca
969 1741 1139 1818 edideram,
1161 1743 1266 1804 similia
1287 1741 1326 1803 de
1348 1742 1579 1824 Agamemnone
1602 1741 1725 1805 addere.

533 1838 571 1900 Et
592 1839 716 1919 paucula
738 1839 859 1920 quidem
880 1841 938 1902 iam
959 1847 1029 1903 ante
1051 1839 1109 1902 boo
1129 1840 1284 1902 biennium
1303 1840 1543 1921 exprompsimus
1558 1842 1588 1902 in
1604 1841 1722 1903 Annall.
1738 1841 1807 1921 pbil.
1823 1849 1853 1902 et
1868 1841 1954 1922 paed.
1970 1841 2049 1921 Lips.

451 1955 611 2000 censuram
641 1945 770 2020 agentes
799 1937 962 2000 editionum
983 1937 1177 2021 Engerianae
1206 1947 1237 2001 et
1258 1939 1486 2000 llarstenianae.
1529 1939 1586 2000 Vix
1615 1957 1652 2000 ea
1679 1940 1757 2020 typis
1779 1957 1926 2020 expressa
1948 1947 2049 2014 erant,

449 2055 540 2117 quum
572 2034 679 2116 prodiit
702 2035 1000 2112 Schneidewiniana,
1029 2055 1106 2117 opus
1134 2037 1321 2118 posthumum
1342 2037 1441 2100 bonae
1463 2035 1560 2120 frugis
1581 2038 1715 2118 plenum,
1742 2040 1842 2114 cuius,
1872 2046 1903 2099 ιιι
1924 2039 2049 2119 primum

451 2133 520 2196 mibi
542 2135 633 2196 otium
655 2134 794 2216 contigit,
816 2135 1062 2198 commentarium
1082 2154 1181 2217 paene
1203 2135 1358 2198 devoravi.
1390 2135 1428 2198 Et
1449 2137 1480 2198 in
1502 2135 1581 2212 aliis,
1603 2135 1702 2212 nunt,
1723 2137 1966 2198 consentientem
1980 2153 2048 2196 cum

451 2235 526 2295 meis
548 2234 695 2316 cognovi,
716 2234 747 2294 in
769 2233 834 2294 aliis
855 2231 1092 2297 dissentientem.
1127 2233 1189 2297 Sed
1211 2253 1301 2316 quum
1322 2253 1362 2297 ne
1384 2236 1415 2297 ιιι
1433 2233 1480 2296 bis
1495 2233 1615 2314 quidem
1630 2233 1768 2296 omuibus
1783 2235 1964 2296 sententiam
1978 2241 2048 2294 ante

451 2332 604 2396 biennium
638 2332 782 2412 prolatam
814 2331 1016 2394 deserendam
1047 2341 1164 2414 putem,
1199 2335 1383 2414 paucissimis
1412 2333 1515 2396 verbis
1543 2332 1590 2394 bic
1619 2334 1745 2412 primum
1776 2351 1829 2395 en.
1862 2351 1939 2414 quae
1969 2349 2049 2394 nunc

450 2449 571 2512 quoque
593 2450 634 2492 ex
655 2431 693 2492 iis
713 2431 866 2510 placeant,
888 2431 1084 2494 subscribam.
1752 2423 1756 2446 ²

534 2531 568 2590 V.
588 2532 634 2590 12.
661 2529 707 2590 Ne
729 2529 862 2591 custodis
883 2528 1005 2611 quidem
1026 2538 1057 2593 et
1078 2529 1178 2593 famuli
1192 2533 1347 2613 ingenium
1362 2538 1511 2594 structura
1526 2538 1586 2592 tam
1601 2531 1747 2610 perplexa
1762 2538 1793 2590 et
1808 2530 1935 2591 obscura
1950 2529 2049 2603 decet,

450 2629 546 2708 qualis
574 2647 615 2690 ex
642 2628 723 2710 iulg.
752 2629 882 2690 lectione
905 2630 935 2690 ei
955 2629 1101 2691 tribuitur.
1145 2629 1290 2709 Proposui
1312 2629 1375 2710 ἐγὼ
1399 2626 1436 2692 δὲ
1458 2627 1722 2709 νυκτίπλαγκτον
1743 2624 1907 2706 ἔνδροσόν
1931 2627 1952 2688 τ’
1977 2627 2047 2709 ἔχω

449 2725 565 2806 Εόνίρν
586 2725 732 2806 ὀνείροις
752 2725 815 2790 οὐκ
837 2727 1142 2812 ἐπισκοπουμένην.
1187 2726 1233 2789 Τί
1253 2724 1337 2810 μήν;
1367 2723 1482 2807 φόβος
1504 2725 1570 2809 γὰρ
1596 2729 1661 2788 κιὲ.
1703 2724 1790 2807 Vulg.
1814 2718 1881 2788 εὖτ’
1906 2724 1964 2799 ἄν,
1994 2741 2049 2803 pro

448 2843 508 2905 quo
530 2825 615 2904 posui
640 2823 704 2907 dyo)
727 2821 778 2900 δι’,
804 2843 846 2886 ex
867 2821 968 2906 εὐνήν
988 2824 1069 2906 quod
1089 2845 1119 2886 v.
1144 2828 1181 2887 13
1204 2827 1341 2906 sequitur
1363 2827 1436 2888 oriri
1457 2828 1561 2906 potuit.
1599 2826 1633 2887 V.
1658 2828 1717 2886 1ot
1740 2825 1881 2904 (Engeri
1905 2841 2049 2884 numeros

449 2929 580 3002 sequor)
610 2927 670 3001 τῆς
697 2920 903 3003 θυμοβόρου
932 2923 1035 2998 φρενὶ
1064 2920 1179 3000 λύπης
1208 2925 1302 2995 volui,
1331 2931 1363 2982 ut
1384 2923 1486 3000 φρενί
1506 2939 1547 2981 ex
1569 2919 1691 3004 ἀμύνει
1713 2918 1853 3000 pendeat.
1898 2919 1947 2982 Sic
1969 2919 2049 3000 quod

449 3027 555 3100 postea
576 3017 636 3080 ridi
659 3018 727 3080 olim
750 3018 840 3079 etiam
862 3015 1062 3078 llermannus.
1094 3015 1131 3077 V.
1149 3017 1208 3078 128
1231 3015 1390 3097 κνεφάσῃ
1410 3017 1540 3078 alienum
1555 3017 1592 3077 ab
1606 3019 1737 3097 imagine
1753 3017 1918 3077 benorum.
1951 3017 2049 3080 Dubi-

449 3126 549 3180 tanter
570 3118 688 3178 conieci
711 3112 861 3199 δαμάσῃ.
894 3115 922 3180 V.
954 3115 1013 3176 134
1036 3132 1102 3194 sqq.
1125 3112 1309 3196 legendum:
1332 3109 1455 3177 τόσσον
1477 3135 1542 3193 περ
1564 3112 1705 3194 εὔφρων
1727 3112 1856 3176 ἁκαλὰ
1871 3149 1910 3158 -
1926 3116 2049 3194 &oppda

449 3212 680 3296 ὀβρικάλοισι,
709 3208 837 3292 τερπνά
869 3209 1012 3275 Τούτων
1032 3211 1160 3274 αἰνεῖν
1181 3208 1340 3296 σι’μβολα
1362 3209 1519 3292 κράναι.
1564 3208 1671 3294 Ᾰεξτὰ
1691 3212 1753 3296 μὲν
1774 3209 1990 3296 κατάμομφα
2013 3210 2047 3274 de'

450 3312 600 3398 φάσματ’
632 3315 768 3375 σίωνών.
810 3309 930 3372 Conslr.
953 3309 976 3373 ἁ
1003 3308 1093 3372 καλλι
1123 3309 1191 3383 (vel
1222 3307 1306 3382 ded)
1336 3305 1477 3387 κράναι,
1512 3309 1596 3373 ὥστε
1619 3309 1778 3394 σύμβολα
1798 3308 1924 3373 τούτων
1944 3311 2049 3372 αίιιῖν

449 3409 587 3490 τερπνά.
625 3411 661 3470 V.
680 3412 737 3470 too
761 3406 875 3488 στάζει
896 3409 1084 3472 transitivum
1106 3417 1168 3486 est,
1190 3411 1275 3472 cuius
1296 3409 1444 3470 obiectum
1466 3405 1585 3492 ¹ucidog
1606 3427 1624 3470 e
1647 3407 1854 3488 superioribus
1876 3407 2047 3488 petendum.

450 3509 475 3568 V
499 3510 559 3570 ιιι
580 3506 700 3587 βιαίως
721 3514 912 3568 mutaverunt
932 3507 963 3568 in
985 3507 1096 3587 βίαια,
1119 3507 1174 3570 sed
1195 3508 1294 3570 neutri
1316 3506 1422 3568 borum
1443 3507 1490 3568 bic
1513 3515 1560 3568 est
1581 3507 1684 3582 locus3
1707 3506 1897 3568 desideratur
1914 3525 1976 3569 non
1990 3505 2048 3568 ad-

450 3605 587 3668 verbium
608 3605 645 3667 ad
667 3605 815 3689 ἡμένων,
841 3604 896 3667 sed
919 3604 1097 3668 adiectivum
1119 3605 1156 3668 ad
1176 3602 1298 3690 χάρις,
1329 3622 1407 3686 ergo
1427 3603 1555 3684 βίαιος,
1587 3624 1644 3668 nec
1669 3605 1759 3667 video
1781 3604 1930 3687 quomodo
1953 3604 2048 3684 βίαια

451 3703 702 3768 Scbneideavinus
729 3721 796 3766 oum
821 3702 967 3781 ἄκοντας
994 3704 1139 3786 coniungi
1162 3721 1252 3784 posse
1275 3704 1433 3783 putauerit.
1477 3703 1512 3764 V.
1535 3705 1596 3766 aba
1618 3709 1691 3782 ,τώς
1713 3701 1878 3782 λιπόναυς
1900 3704 2049 3787 γένωμαι

449 3801 652 3887 ξυμμαχίας
683 3798 863 3886 άμαρτιίν;
898 3819 989 3883 quum
1017 3802 1076 3864 boc
1107 3801 1272 3888 ἁμαρτεῖν
1300 3803 1361 3884 τῆς
1384 3797 1587 3886 ξυμμαχίας
1608 3810 1679 3863 tunc
1702 3810 1873 3865 secuturum
1895 3809 1991 3876 esset,
2022 3802 2046 3860 si

449 3903 578 3964 classem
609 3919 668 3962 rex
700 3900 873 3978 desereret,
903 3899 1095 3963 scribendum
1128 3896 1331 3984 ξυμμαχίας
1352 3898 1384 3963 d'
1408 3897 1562 3984 ἁμάρτω.
1607 3899 1694 3962 videt
1721 3902 1815 3976 enim,
1846 3898 1897 3962 ubi
1919 3899 2047 3961 classem

449 4001 635 4075 deseruerit,
668 4017 702 4060 se
732 4001 828 4062 statim
857 3997 1028 4062 destitutum
1057 3999 1095 4061 iri
1121 4016 1139 4060 a
1164 3999 1264 4060 sociis.
1308 3998 1382 4061 Nam
1404 3997 1484 4080 quod
1507 3997 1697 4061 Scbneideu‘.
1721 3996 1888 4077 λιπόναυς
1910 4016 1927 4060 a
1949 3999 2046 4059 classe

450 4101 603 4163 desertum
630 4116 702 4160 esse
732 4100 785 4175 ait,
818 4105 865 4160 eat
896 4115 969 4160 sane
1001 4097 1081 4178 quod
1108 4096 1242 4172 dubites:
1275 4097 1471 4160 conterantur
1492 4100 1572 4160 enim
1594 4095 1792 4176 λιπόπολις,
1825 4095 2046 4175 >enormius-3,

449 4196 671 4277 λιπόπατρις,
692 4195 931 4276 λιιιοστραιία,
952 4191 1147 4276 λιποταξία,
1167 4193 1390 4276 λιποτάκτας,
1419 4197 1449 4258 in
1471 4197 1579 4276 quibus
1601 4197 1739 4258 omnibus
1760 4195 1846 4256 verbi
1869 4193 2046 4275 significatio

450 4297 547 4356 activa
568 4303 623 4357 est.
668 4295 703 4355 V.
726 4297 786 4355 295
817 4313 882 4377 sqq.
905 4295 949 4357 sic
970 4292 1149 4356 scribendos
1171 4297 1333 4375 proposui:
1368 4295 1542 4380 :adportetur
1563 4330 1603 4342 —
1625 4291 1754 4376 φλόγας
1776 4293 1880 4376 μέγαν
1902 4289 2047 4373 πώγωνα

450 4393 509 4456 καί
538 4393 744 4472 Σαρωνικοῦ
768 4393 935 4478 πορθμοῦ
960 4391 1127 4458 κάτοπτον
1153 4392 1254 4474 πρῶν’
1286 4393 1510 4474 ὑπερβάλλειν
1537 4393 1666 4474 πρόσω·
1704 4392 1879 4472 φλέγονσα
1909 4386 1982 4469 όςίς
2014 4385 2042 4450 δ’

451 4493 617 4572 ἔσκηψεν,
639 4488 710 4553 ἔστ’
736 4489 879 4568 ἀφίκετο
902 4497 966 4557 ari.
997 4493 1043 4556 De
1065 4491 1110 4555 bis
1126 4493 1264 4556 omnibns
1279 4495 1308 4556 in
1324 4495 1443 4557 Annall.
1460 4494 1539 4574 lips.
1555 4492 1679 4555 uberius
1694 4493 1829 4573 egimns3
1852 4507 1931 4551 nunc
1947 4495 2045 4549 autem

449 4605 529 4649 nova
551 4587 682 4649 adiicere
705 4587 785 4648 libet.

880 4691 950 4750 453.
983 4689 1020 4752 τὸ
1044 4687 1070 4752 δ’
1097 4689 1303 4770 ὑπερκόπως
1327 4690 1441 4754 κλίϊιν
1464 4685 1504 4754 εὖ

983 4785 1084 4868 βαρύ·
1108 4785 1267 4866 βάλλεται
1287 4789 1354 4871 γὰρ
1376 4789 1497 4867 ὄσσοις

985 4883 1110 4950 Διόθεν
1134 4884 1313 4966 κεραυνός.
