4668 6040
1095 517 1336 590 ...14-

417 725 539 772 versatm
553 714 622 788 post
635 703 712 772 τόδε
726 705 919 770 intercidisse
934 723 1002 772 oum
1016 705 1313 784 mecaenatem,
1327 726 1376 772 ma
1387 725 1450 775 aon
1459 707 1580 772 babebit
1590 709 1814 792 obloquentem.
1837 713 1913 776 Nam
1924 733 2017 780 versu

278 875 285 888 ‚
417 823 479 870 uuo
494 807 545 868 vel
561 803 680 868 duobus
693 803 854 868 indicatum
868 803 963 870 imese
979 805 1049 887 quid
1062 801 1258 883 adiuvabat,
1273 823 1348 870 sana
1362 807 1482 874 ridetur
1494 808 1659 889 probabile.

502 905 592 968 1287.
627 899 725 986 ἅπαξ
743 902 784 968 ἔτ’
806 903 913 968 εἰπεῖν
925 902 1042 986 ῥῆσιν
1061 902 1248 986 οὐδρῆνον
1259 902 1352 970 δέλω
1367 905 1451 990 ἐμὸν
1464 903 1521 970 τὸν
1536 904 1654 987 αὐτῆς·
1681 907 1776 971 Reate
1791 908 1828 970 ab
1842 909 2017 977 Hermanno
2048 908 2077 982 ’,

416 1019 473 1086 pro
488 1001 694 1082 desumptum
709 1001 922 1082 estod‚quod
937 1003 1206 1082 abipsaoratione
1222 1021 1300 1084 quae
1315 1006 1451 1085 sequitur
1464 1005 1639 1085 postulatur.
1669 1005 1731 1070 Sed
1745 1007 1938 1073 scribendum
1952 1021 2018 1076 arat

416 1101 507 1168 edam
520 1098 575 1164 τιν’
593 1099 701 1182 αὐτῆς
714 1117 770 1182 pro
785 1099 842 1166 τὸν
857 1099 981 1182 αὐτῆς,
995 1100 1025 1164 id
1040 1109 1101 1177 est,
1117 1119 1180 1166 nou
1193 1101 1232 1164 de
1248 1120 1298 1166 mo
1312 1103 1442 1184 aliquem
1457 1111 1595 1184 quadum
1609 1104 1665 1168 sed
1676 1105 1715 1168 de
1725 1109 1876 1186 commum
1885 1111 2017 1216 omnium

417 1199 570 1266 boninum
585 1205 669 1266 sorte
683 1197 846 1280 proferam.

707 1302 795 1364 1292.
828 1299 868 1364 ab
891 1293 1033 1380 βρότεια
1054 1296 1237 1384 πράγματ’·
1259 1297 1471 1385 εὐτυχοῦντα
1489 1300 1552 1386 μέν

829 1393 912 1462 σκιά
932 1419 984 1474 τις
1005 1395 1048 1462 ἄν
1068 1398 1246 1478 πρέψειεν,
1270 1394 1359 1463 εἰδὲ
1380 1397 1549 1482 δυστυχῆ,

832 1495 953 1574 βολαῖς
974 1494 1162 1578 ὑγρώσσων
1183 1494 1332 1581 σπόγγος
1354 1497 1479 1562 ὤλεσεν
1499 1495 1649 1580 γραφήν.

420 1595 481 1660 Cur
496 1593 538 1660 ἂν
553 1593 729 1674 πρέψειεν,
742 1591 823 1673 quod
834 1592 1026 1658 Hermauuue
1036 1595 1232 1675 amplectitur,
1246 1593 1443 1658 reddendum
1454 1595 1505 1672 sit,
1520 1594 1771 1660 Schneidewiuus
1782 1599 1915 1678 exponit.
1937 1597 2016 1678 lpse,
2056 1613 2060 1618 ·

417 1699 451 1756 ut
471 1710 514 1756 ex
534 1693 601 1756 eius
623 1689 815 1756 adnotatione
836 1692 988 1775 intelligo,
1009 1694 1136 1764 Porsoui
1156 1693 1199 1759 ἄν
1218 1695 1375 1776 τρέψειεν
1391 1692 1511 1756 videtur
1524 1691 1720 1758 defendere.-
1736 1695 1822 1774 „Sed
1836 1696 1941 1758 mnbra
1954 1713 2016 1759 non

418 1790 592 1854 convenam
614 1787 999 1868 accommodaremus,
1020 1809 1195 1873 proponens
1215 1788 1395 1872 κρύψειεν,
1417 1791 1523 1854 mebus
1543 1792 1680 1873 pidem,
1701 1793 1757 1856 sed
1771 1811 1833 1856 nou
1847 1797 1920 1858 satis
1934 1801 2016 1876 apta,

418 1887 500 1970 quod
514 1889 651 1969 opposito
666 1884 816 1971 σπόγγος
832 1887 956 1952 ὤλεσεν
969 1880 1109 1972 γραφήν
1123 1891 1307 1972 coarguitur.
1328 1889 1478 1951 Discimmr
1491 1889 1561 1952 inde
1576 1891 1795 1955 similitudinem
1810 1895 1931 1973 petitam
1944 1911 2023 1962 εεεε,

419 2005 436 2048 a
458 1983 687 2070 σκιαγραφίᾳ,
708 2003 787 2066 quae
808 1985 900 2051 tiebat
920 1989 951 2048 in
972 1987 1071 2050 tabula
1091 1978 1142 2050 vel
1162 1989 1195 2050 iu
1213 1989 1329 2070 pariete
1343 1986 1496 2067 denbcto,
1516 1989 1548 2052 iu
1563 2007 1624 2070 quo
1639 1991 1786 2054 extremis
1800 1997 1914 2054 tantum
1928 1991 2016 2052 bueis

417 2084 535 2168 igunae
557 2083 741 2161 adumbrari,
762 2101 824 2146 non
843 2085 936 2148 varis
951 2085 1103 2148 coloribus
1117 2086 1201 2170 pingi
1215 2085 1363 2150 solebant
1392 2085 1455 2147 Tali
1469 2086 1560 2170 igitur
1574 2083 1804 2164 adumbrationi,
1826 2104 1866 2148 ne
1881 2087 2015 2167 picturae

418 2181 552 2265 quidem,
571 2180 626 2244 sed
643 2181 753 2244 leviter
772 2180 940 2245 delineatae
956 2185 1079 2268 imagini
1090 2191 1243 2265 comparat
1254 2183 1422 2247 Cassandra
1438 2203 1490 2246 res
1505 2183 1632 2248 bominis
1644 2183 1808 2264 secundas,
1826 2193 1933 2251 conae
1948 2203 2015 2248 curu

418 2279 567 2344 adversae
586 2278 771 2357 inciderunt,
793 2281 932 2363 imaginis
950 2299 990 2344 ue
1008 2284 1169 2366 vestigium
1187 2282 1309 2365 quidem
1323 2290 1431 2360 restat,
1454 2281 1509 2344 sed
1526 2281 1712 2345 adumbratio
1730 2291 1871 2368 unquam
1886 2283 2016 2368 spongia

417 2379 506 2442 uvida
528 2377 656 2440 deletur.
686 2377 789 2460 ltaque
811 2379 912 2444 scribo
934 2377 1035 2446 σκιάν
1050 2404 1099 2459 τις
1115 2379 1157 2445 ἂν
1170 2377 1350 2466 γράψειεν,
1370 2403 1400 2445 ει
1388 2329 1452 2444 ’δέ
1466 2377 1632 2468 δυσιυχη,
1656 2389 1706 2443 ctu
1698 2381 1906 2464 respondent
1921 2381 2015 2445 verba

419 2477 543 2542 ὤλεσεν
556 2472 707 2557 γραφήν.

502 2575 594 2636 itta.
628 2571 742 2657 νείκης
758 2577 909 2654 παλαιᾶς
923 2568 1063 2658 ἦλθε
1025 2599 1090 2642 σνι
1099 2573 1216 2664 χρόνῳ
1231 2600 1268 2660 γε
1280 2574 1350 2662 μήν
1363 2577 1461 2639 malim
1475 2579 1597 2658 γενῦν,
1609 2583 1693 2642 venit
1707 2597 1778 2642 sero
1789 2579 1909 2662 quidem
1925 2596 2014 2642 nuuc.

668 2674 759 2735 1360.
792 2675 822 2737 ει
840 2667 918 2738 δ
892 2699 937 2790 ην
957 2671 1154 2756 πρετόντων
1175 2673 1249 2739 ὥστ
1273 2671 1485 2739 ἐπισπένδειν
1506 2678 1616 2755 νεκρῷ
2060 2699 2064 2704 ·

789 2768 908 2838 τάδ’
888 2797 931 2838 αν
951 2767 1135 2852 δικαόως
1112 2797 1165 2856 ην,
1186 2770 1380 2856 υπερδέκως
1400 2770 1464 2859 μὲν
1482 2765 1555 2839 οὖν.

419 2871 453 2936 lu
472 2871 541 2936 loco
560 2879 703 2952 corrupto
722 2872 812 2934 liceat
828 2890 938 2934 novam
952 2890 1126 2950 proponere
1142 2875 1334 2946 sententiam,
1359 2871 1489 2932 iurasse
1504 2870 1713 2932 scribendum:
1738 2872 1770 2933 el
1784 2867 1814 2931 δ
1827 2862 1871 2950 ἦν
1886 2869 2018 2948 πρέπον

419 2962 498 3032 πόδ
515 2963 589 3030 ὥστ’
605 2961 818 3032 ἐπισπένδειν
832 2967 951 3046 νεκρῷ,
965 2961 1071 3046 τούτῳ
1086 2961 1228 3044 δικαίως
1243 2962 1329 3028 έσδ·
1342 2960 1537 3045 ὑπερδίκως
1550 2963 1614 3046 μέν
1627 2958 1700 3027 οὖν.
1722 2965 1775 3042 ,st
1788 2983 1919 3045 unquam
1938 2965 2017 3027 lice-

419 3066 484 3144 bat,
506 3082 599 3146 supar
619 3072 738 3130 mortuo
759 3063 869 3140 libare,
891 3081 985 3144 super
997 3063 1056 3128 boc
1071 3065 1138 3126 iure
1150 3063 1239 3137 licet;
1259 3064 1350 3126 immo
1363 3078 1478 3126 ειιιιιιιε
1492 3061 1589 3124 iure“
1620 3061 1736 3134 Quibus
1751 3063 1854 3124 verbis
1870 3063 1948 3122 mam
1963 3062 2019 3124 sibi

420 3165 517 3246 aperit
535 3161 573 3226 ad
590 3163 743 3246 epilogum
762 3161 1005 3226 acerbissimum:
1027 3179 1121 3242 quara
1136 3179 1204 3224 cum
1217 3164 1285 3224 iare
1299 3163 1328 3224 ei
1341 3160 1483 3239 libemus,
1504 3161 1570 3240 ipse
1584 3166 1735 3222 craterem
1748 3177 1839 3240 quem
1854 3161 1919 3240 ipse
1935 3159 2019 3222 mais

419 3260 619 3328 exsecrandis
628 3261 771 3342 implevit,
781 3267 893 3341 epotct.
914 3260 1233 3342 Kayseruspropoauit
1247 3250 1373 3342 εἶδ’ἧν
1386 3259 1519 3341 πρέπον
1531 3258 1588 3322 τιν’
1603 3251 1661 3323 da
1675 3259 1888 3324 ἐπισπένδειν
1898 3261 2019 3340 νεκρῷ,

420 3369 452 3424 ut
470 3351 536 3424 όδε
550 3361 588 3422 sit
602 3367 689 3442 „post
703 3359 792 3424 talem
806 3357 968 3435 oaedem“;
990 3377 1049 3422 nec
1063 3366 1163 3422 umen
1177 3349 1244 3423 όδε
1258 3357 1366 3422 sufficit
1379 3357 1417 3421 ad
1431 3358 1509 3422 bano
1522 3378 1588 3422 rem
1602 3361 1764 3441 perspicue
1781 3359 2018 3443 significandam.

505 3461 594 3521 1375.
629 3455 720 3536 δόος
735 3458 802 3520 thus
817 3466 879 3534 ast,
901 3457 1114 3536 suffimentum,
1129 3476 1281 3540 nunquam
1295 3458 1442 3538 piaculum
1456 3458 1520 3536 vel,
1535 3458 1617 3540 quod
1631 3457 1690 3520 boc
1704 3459 1774 3521 loco
1791 3459 1910 3536 volunt,
1924 3457 2017 3520 iuror.

421 3558 521 3630 Quare
538 3556 663 3619 uidene
678 3556 870 3620 scribendum
886 3557 924 3619 sit
937 3553 1065 3643 μύσος,
1080 3557 1161 3638 quod
1175 3557 1329 3654 obliterari
1343 3565 1375 3621 et
1387 3557 1475 3622 facile
1490 3558 1521 3620 iu
1534 3553 1626 3636 δύος
1643 3559 1749 3620 mutari
1763 3559 1871 3638 potuit,
1886 3574 2018 3636 praece-

421 3654 733 3818 deniqggtggiogffi
750 3749 819 3816 τόδ
842 3751 941 3834 ἀνδρὶ
959 3749 1038 3835 τῷδ’
1060 3752 1211 3820 ἐναντίον
1230 3753 1358 3835 φέρων.
1386 3754 1480 3818 Reate
1497 3754 1747 3820 Schneidewiuus
1761 3771 1830 3814 cum
1844 3752 2019 3814 Wellauero

420 3852 633 3916 nonnullorum
655 3848 717 3916 τότ’
741 3869 798 3934 pro
816 3847 886 3917 τόδ’
903 3853 1010 3918 reiicit.
1032 3852 1106 3916 Puto
1119 3859 1221 3916 tanen
1236 3851 1430 3918 scribendum
1444 3871 1533 3916 esse:
1557 3849 1658 3917 οὐδέν
1671 3848 1801 3916 τοιόνδε
1821 3846 1899 3930 τῷδ
1918 3850 1961 3911 ἐν.
1980 3871 2019 3926 φ.

420 3954 439 4013 i.
455 3970 481 4014 e.
495 3968 555 4014 uec
568 3949 673 4037 μῖσος
688 3949 800 4015 ἀστῷν
812 3969 872 4020 neo
887 3947 1112 4038 depalationis
1127 3947 1234 4031 ἀράς.

707 4051 797 4112 138Ί.
835 4050 946 4130 ἔργων
965 4048 1131 4131 δικαστὴς
1153 4048 1291 4134 τραχὺς
1314 4047 1356 4114 ei.
1377 4049 1463 4131 λέγω
1485 4046 1522 4112 δέ
1542 4069 1581 4111 σε

835 4149 971 4226 (τοιαῦτ’
995 4147 1145 4212 ἀπειλεῖν
1166 4169 1223 4212 σοι
1242 4145 1548 4233 παρεσκευασμένη

835 4249 873 4314 ἐκ
893 4248 960 4312 τῷν
979 4244 1122 4332 ὁμοίων)
1142 4244 1236 4332 χειρὶ
1256 4242 1424 4326 νικήσαντ’
1449 4245 1536 4330 ἐμοῦ

832 4341 962 4428 ἄρξειν.

423 4443 473 4509 sic
486 4443 586 4510 Ιοειιιιι
598 4444 684 4510 varie
699 4451 841 4510 vexatura
851 4446 963 4523 scribo,
977 4444 1047 4526 quia
1057 4442 1207 4508 seutentia
1217 4440 1295 4506 haee
1305 4439 1373 4506 iere
1383 4439 1587 4506 desideratur:
1604 4436 1693 4517 ,dieo
1703 4453 1776 4520 ego,
1790 4435 1915 4500 adtales
1925 4438 2021 4500 minas

422 4560 521 4623 aequo
540 4561 577 4608 aa
596 4551 628 4608 tu
646 4549 750 4625 parata
769 4549 856 4619 (uam
876 4547 965 4610 etiarn
985 4543 1056 4610 mibi
1073 4551 1143 4608 suut
1156 4547 1272 4619 mma),
1290 4549 1321 4605 te
1337 4543 1395 4604 nisi
1407 4557 1497 4606 mauu
1510 4539 1621 4603 vicens
1635 4536 1706 4602 milti
1719 4553 1872 4617 uuquam
1885 4537 2021 4617 impara-

423 4643 553 4708 turutu.“
588 4641 673 4725 ungo
695 4640 732 4708 δέ
753 4663 793 4706 σε
813 4658 870 4723 pto
891 4639 928 4708 δέ
949 4665 1020 4722 σοι,
1040 4664 1097 4708 σοι
1117 4660 1174 4724 pro
1192 4640 1257 4720 ὥς,
1277 4635 1583 4722 παρεσκευασμένη
1602 4653 1659 4718 pro
1677 4632 2021 4718 παρεσκευασμένης,

424 4736 544 4823 ἄρξειν
562 4757 619 4821 pro
639 4737 772 4824 ἄρχειν.

508 4841 598 4906 itit.
628 4837 706 4924 ἐμοὶ
720 4834 750 4909 δ
767 4835 937 4924 ἐπήγαγεν
950 4838 1053 4922 εὐνῆς
1066 4835 1314 4924 παροψώνημα
1327 4837 1389 4920 τῆς
1399 4836 1486 4919 ἐμῆς
1495 4829 1631 4918 χλιδῆς.
1651 4829 1800 4912 Euclidem
1810 4837 1940 4912 excepta
1949 4829 2022 4892 bla-

424 4935 488 5002 rala
506 4955 580 5018 uua,
600 4933 702 5021 εὐνήν
720 4937 859 5006 sudhem
875 4955 932 5020 pro
950 4937 1066 5020 εὐνῆς,
1084 4938 1228 5006 librorum
1243 4937 1405 5002 lectionem
1419 4933 1598 4998 retinuerim
1611 4931 1656 4996 eie
1671 4931 1901 5012 interpretatus:
1925 4926 2022 5005 ,cas-
