4668 6040
991 567 1250 664 --1τ--Ι

309 757 378 818 πᾶν
399 754 435 819 τὸ
457 753 693 833 Πλεισθένους
713 755 809 837 γένος
833 755 1003 835 pertinere,
1026 757 1080 818 sed
1102 756 1199 838 potius
1222 748 1380 820 σύνδικον
1402 755 1603 820 scribendum.
1647 755 1687 830 At
1709 754 1818 835 οὕτως
1839 759 1906 820 iure

309 852 465 916 damnatur
486 870 503 916 a
526 851 768 917 Schneidewino.
806 851 939 915 Coniicio
962 851 1086 939 ιδμιός.Ι
1110 852 1252 933 ,Coenus
1275 855 1469 916 eversionem
1491 855 1522 916 in
1544 873 1734 918 communem
1756 874 1906 918 exsecra-

310 953 422 1014 tionem
443 957 583 1027 vertens,
605 957 637 1012 nt
659 967 782 1012 saevum
804 951 834 1012 in
856 949 991 1031 niodum,
1012 953 1063 1015 uel
1084 951 1303 1015 immiserabilis
1324 960 1430 1032 pereat
1451 960 1513 1015 tota
1534 953 1691 1016 Plisthenis
1713 957 1822 1036 gens.“

517 1048 607 1110 1630.
640 1045 826 1129 σώφρονος
848 1047 986 1135 γνώμης
1010 1047 1041 1138 δ’
1066 1049 1231 1136 ἁμαρτεῖν
1252 1048 1309 1114 τὸν
1330 1039 1524 1131 κρατοῦντα
1548 1097 1554 1113 .
1577 1097 1585 1114 .
1608 1097 1616 1114 .
1639 1099 1646 1114 .

268 1152 270 1158 ’
310 1147 461 1209 Lacunam
490 1147 623 1228 explevit
644 1145 836 1210 llermannus
864 1147 966 1210 addito
990 1147 1116 1235 αἶσχος
1137 1147 1234 1232 μέγα.
1278 1146 1339 1210 Sed
1367 1149 1484 1212 leniore
1514 1149 1661 1211 vocabulo
1687 1149 1806 1212 uidetur
1833 1169 1908 1230 opus

234 1292 263 1304 ..
310 1262 396 1324 esse,
418 1244 501 1308 velut
523 1241 695 1325 κρατοῦντ’
719 1239 872 1326 ἀνάξων.

517 1342 607 1403 1645.
639 1339 688 1425 μή
709 1341 929 1428 προτιμήσῃς
951 1344 1103 1431 ματαίων
1125 1345 1220 1409 τῶνδ’
1243 1343 1445 1432 ὐλταμάτων
1466 1343 1558 1430 [ἐγώ]

637 1437 696 1502 καὶ
713 1437 759 1502 σὺ
779 1435 936 1528 θήσομεν
957 1447 1140 1525 κρατοῦντε
1161 1441 1265 1508 τῶνδε
1287 1441 1450 1530 δωμάτων
1471 1443 1626 1522 [καλῶςῙ.

311 1534 374 1619 ἐγώ
397 1544 429 1599 et
449 1537 582 1616 καλῶς,
603 1555 694 1617 quum
716 1537 812 1600 absint
834 1557 851 1602 a
873 1541 1041 1620 codicibus,
1064 1542 1200 1624 suppleta
1222 1549 1291 1605 sunt
1312 1560 1329 1603 a
1351 1542 1471 1604 criticis.
1508 1539 1569 1602 Sed
1592 1541 1669 1604 duae
1691 1542 1721 1603 in
1738 1541 1793 1603 huc
1808 1544 1908 1623 scrip-

310 1637 392 1697 tione
423 1652 476 1697 res
506 1633 673 1716 displicent.
717 1635 790 1698 Nam
819 1641 990 1726 προτιμᾶν
1015 1659 1077 1703 non
1099 1642 1280 1723 genitivum,
1309 1639 1364 1702 sed
1386 1641 1587 1701 accusativum
1610 1639 1746 1718 postulat.
1769 1639 1908 1732 ¹Deinde

311 1733 418 1796 durum
446 1741 507 1812 cst,
539 1733 619 1815 quod
648 1733 791 1799 iubemur
815 1753 833 1798 e
862 1733 965 1802 τῶνδε
991 1733 1156 1823 δωμάτων
1183 1737 1220 1800 ad
1246 1730 1286 1803 εὖ
1311 1735 1466 1823 θήσομεν
1497 1736 1725 1820 subintelligere
1760 1736 1909 1824 δώματα.

310 1831 384 1894 Nam
412 1831 437 1893 si
466 1829 538 1912 quid
566 1829 849 1914 subintelligendum
875 1843 972 1913 esset,
1003 1853 1021 1898 e
1048 1837 1242 1920 grammatica
1268 1837 1385 1899 ratione
1408 1853 1470 1898 nun
1492 1831 1633 1921 δώματα
1655 1837 1709 1900 sed
1731 1833 1910 1922 ’ὑλάγματα

312 1938 395 1994 esset
425 1929 668 2014 intelligendum,
696 1930 726 1992 id
754 1931 834 2013 quod
863 1935 967 1996 sensui
994 1935 1152 2018 repugnet.
1196 1935 1297 2009 Quare
1325 1934 1455 1998 Karsten
1482 1935 1601 2016 scripsit
1621 1931 1724 1998 τῶνδε
1746 1931 1911 2019 πημάτων

311 2027 417 2107 τέλος.
458 2026 558 2111 Atque
587 2030 756 2093 rectissime
786 2028 961 2116 πημάτων.
998 2032 1073 2095 Nam
1101 2033 1227 2114 primum
1256 2033 1441 2114 κρατοῦντε
1460 2033 1596 2096 absolute
1619 2033 1750 2116 positum
1773 2033 1909 2114 genitivo

311 2125 398 2189 facile
421 2135 519 2206 caret,
541 2126 651 2190 deinde
667 2127 697 2190 id
712 2128 871 2212 agebatur,
894 2137 926 2192 ut
939 2133 1029 2214 regni
1043 2132 1225 2213 potirentur,
1248 2149 1310 2194 non
1324 2139 1356 2194 ut
1370 2130 1464 2194 aedes
1479 2133 1582 2215 regias
1598 2131 1785 2207 obtinerent,
1809 2149 1909 2214 neque
1982 2170 1983 2174 =

312 2222 405 2286 aedes
432 2225 490 2288 dici
515 2233 653 2306 poterant
678 2243 735 2307 pru
760 2244 868 2309 regno.
912 2229 998 2302 Quod
1020 2237 1120 2293 autem
1141 2230 1237 2310 τέλος
1261 2230 1414 2292 obliterari
1435 2231 1569 2311 potuisse
1592 2231 1742 2293 existimat
1762 2231 1908 2308 Karsten,
1940 2279 1944 2294 .

311 2329 474 2404 propterea
502 2322 582 2406 quud
603 2323 840 2406 Agamemnonis
867 2324 986 2390 tabulae
1015 2329 1046 2390 in
1075 2327 1180 2394 codice
1203 2329 1321 2391 Veneto
1347 2328 1548 2410 subscriptum
1569 2329 1690 2412 legatur
1710 2328 1806 2406 τέλος
1829 2325 1910 2411 ἀγα-

311 2419 499 2504 μέμνονος,
520 2428 606 2486 acute
629 2421 687 2484 boc
708 2421 827 2504 quidem
849 2432 896 2487 est
917 2428 1136 2509 excogitatum,
1158 2445 1229 2490 num
1250 2445 1341 2506 uere,
1364 2430 1479 2491 nescio.
1521 2427 1596 2490 Nam
1618 2425 1761 2512 σήματα
1784 2425 1910 2488 deside—

311 2525 379 2580 rant
401 2517 504 2598 ἄκος,
525 2520 625 2602 licque
647 2521 775 2583 coniiciu

599 2618 648 2703 μή
670 2617 888 2704 προτιμήσῃς
910 2621 1062 2706 ματαίων
1084 2618 1180 2687 τῶνδ’
1205 2619 1390 2708 ὑλάγμαδ,
1411 2621 1459 2702 ως
1483 2623 1546 2704 ἐγὼ

537 2747 539 2751 v
602 2713 660 2779 arai
681 2715 728 2781 σὺ
748 2713 904 2804 δήσομεν
922 2720 1106 2801 κρατοῦντι
1122 2717 1227 2784 τοῖνδε
1248 2717 1414 2806 πημάτων
1435 2720 1534 2799 ἄκος,
1624 2727 1632 2742 “

313 2808 342 2870 id
364 2817 430 2873 est:
453 2811 544 2891 ,Noli
566 2812 603 2875 ad
624 2811 732 2876 luorum
753 2815 908 2879 stultorum
929 2818 1066 2880 convicia
1087 2818 1184 2900 magis
1205 2817 1378 2895 attendere,
1400 2835 1489 2900 quam
1510 2817 1548 2881 ad
1569 2835 1652 2881 meas
1675 2817 1909 2892 admonitiones3

314 2922 383 2968 nam
406 2925 466 2989 ego
488 2926 525 2971 ac
545 2917 576 2970 tu
598 2928 701 2972 rerum
723 2919 878 2990 compotes
899 2915 1006 2978 borum
1027 2916 1173 2978 malorum
1193 2915 1360 2979 remedium
1381 2915 1580 2998 parabimus.“

1017 3108 1131 3118 ..ι-η...-
1137 3108 1208 3119 -..-

396 3257 433 3327 Ρ.
456 3256 491 3325 S.
535 3261 722 3324 Guilielrnum
753 3260 939 3325 Dindurlium
970 3279 1050 3326 anno
1083 3265 1242 3346 superiore
1271 3264 1456 3349 Aeschylum
1484 3272 1581 3334 multis
1613 3257 1689 3334 ldcis
1720 3273 1910 3336 emendatum

314 3377 420 3422 rursus
450 3358 582 3424 edidisse
611 3359 678 3423 beri
707 3359 825 3424 demum
852 3362 915 3444 legi
943 3361 974 3424 in
996 3361 1162 3427 Gcrsdorlii
1182 3363 1305 3447 Repert.
1326 3365 1406 3448 Lips.
1436 3366 1578 3432 fasciculo
1604 3367 1692 3432 huius
1719 3371 1790 3432 anni
1817 3373 1914 3452 primo

314 3477 342 3539 p.
361 3461 414 3536 16,
437 3477 527 3540 quum
548 3458 605 3522 hae
628 3461 895 3522 commentationes
916 3461 994 3542 typis
1017 3477 1184 3542 expressae
1206 3465 1264 3527 ium
1286 3471 1400 3528 esseut.
1432 3465 1497 3529 Nec
1519 3469 1576 3530 iam
1597 3467 1706 3530 licebat
1721 3469 1913 3532 novissimum

315 3556 394 3618 illam
416 3555 595 3634 editionem,
623 3558 708 3620 cuius
731 3559 884 3640 exemplar
905 3557 1061 3641 bucusque
1084 3561 1114 3622 in
1136 3561 1296 3645 regionem
1317 3571 1450 3627 nostram
1472 3583 1533 3628 non
1554 3567 1709 3648 pervenit,
1740 3567 1839 3648 Lipsia
1861 3585 1915 3630 ar·

315 3670 441 3717 cessere
471 3663 502 3719 et
530 3656 562 3718 in
589 3674 676 3719 usum
704 3674 803 3720 meum
832 3664 1026 3722 conuertere.
1070 3657 1171 3732 Quare
1201 3661 1276 3742 noli,
1303 3661 1400 3726 lector
1428 3664 1595 3742 benevole,
1624 3681 1690 3727 rem
1717 3683 1734 3726 a
1757 3665 1842 3728 nubis
1865 3673 1915 3728 aut

315 3753 454 3816 consulto
477 3759 609 3835 spretam
631 3762 680 3818 aut
700 3762 818 3819 temere
839 3756 1012 3840 neglectam
1034 3757 1217 3821 existimare.
1808 3772 1812 3777 '

441 3881 553 3964 Scripsi
575 3902 602 3946 a.
625 3883 654 3948 d.
676 3883 704 3946 X
726 3884 789 3950 llal.
811 3886 941 3950 llartias.
