<?xml version="1.0" encoding="UTF-8"?>
<!DOCTYPE html PUBLIC "-//W3C//DTD XHTML 1.0 Transitional//EN"
    "http://www.w3.org/TR/xhtml1/DTD/xhtml1-transitional.dtd">
<html xmlns="http://www.w3.org/1999/xhtml" xml:lang="en" lang="en">
 <head>
  <title>
</title>
<meta http-equiv="Content-Type" content="text/html;charset=utf-8" />
  <meta name='ocr-system' content='tesseract 3.04.00' />
  <meta name='ocr-capabilities' content='ocr_page ocr_carea ocr_par ocr_line ocrx_word'/>
</head>
<body>
  <div class='ocr_page' id='page_1' title='image "./emendationesina00raucgoog_0017.png"; bbox 0 0 4668 6040; ppageno 0'>
   <div class='ocr_carea' id='block_1_1' title="bbox 1113 543 1362 614">
    <p class='ocr_par' dir='ltr' id='par_1_1' title="bbox 1113 543 1362 614">
     <span class='ocr_line' id='line_1_1' title="bbox 1113 543 1362 614; baseline 0.008 -20"><span class='ocrx_word' id='word_1_1' title='bbox 1113 543 1362 614; x_wconf 73' lang='lat'><strong>..12-</strong></span> 
     </span>
    </p>
   </div>
   <div class='ocr_carea' id='block_1_2' title="bbox 381 729 2039 5053">
    <p class='ocr_par' dir='ltr' id='par_1_2' title="bbox 435 729 2036 1108">
     <span class='ocr_line' id='line_1_2' title="bbox 435 729 2036 816; baseline 0.005 -22"><span class='ocrx_word' id='word_1_2' title='bbox 435 733 523 813; x_wconf 87' lang='lat' dir='ltr'><strong>plane</strong></span> <span class='ocrx_word' id='word_1_3' title='bbox 545 729 810 794; x_wconf 88' lang='lat' dir='ltr'><strong>accommodatum.</strong></span> <span class='ocrx_word' id='word_1_4' title='bbox 846 731 921 792; x_wconf 86' lang='lat' dir='ltr'><strong>Nam</strong></span> <span class='ocrx_word' id='word_1_5' title='bbox 944 733 987 792; x_wconf 89' lang='lat' dir='ltr'><strong>sie</strong></span> <span class='ocrx_word' id='word_1_6' title='bbox 1009 730 1108 794; x_wconf 75' lang='lat' dir='ltr'><strong>choro</strong></span> <span class='ocrx_word' id='word_1_7' title='bbox 1131 733 1349 816; x_wconf 79' lang='lat' dir='ltr'><strong>interroganti:</strong></span> <span class='ocrx_word' id='word_1_8' title='bbox 1373 734 1458 814; x_wconf 83' lang='lat' dir='ltr'><strong>,lam</strong></span> <span class='ocrx_word' id='word_1_9' title='bbox 1480 742 1541 796; x_wconf 92' lang='lat' dir='ltr'><strong>tum</strong></span> <span class='ocrx_word' id='word_1_10' title='bbox 1563 753 1653 816; x_wconf 85' lang='lat' dir='ltr'><strong>quum</strong></span> <span class='ocrx_word' id='word_1_11' title='bbox 1668 738 1698 798; x_wconf 90' lang='lat' dir='ltr'><strong>in</strong></span> <span class='ocrx_word' id='word_1_12' title='bbox 1713 743 1778 798; x_wconf 89' lang='lat' dir='ltr'><strong>arte</strong></span> <span class='ocrx_word' id='word_1_13' title='bbox 1794 735 1946 800; x_wconf 70' lang='lat' dir='ltr'><strong>dvinmdi</strong></span> <span class='ocrx_word' id='word_1_14' title='bbox 1960 757 2036 802; x_wconf 87' lang='lat' dir='ltr'><strong>rer-</strong></span> 
     </span>
     <span class='ocr_line' id='line_1_3' title="bbox 435 828 2035 920; baseline 0.005 -28"><span class='ocrx_word' id='word_1_15' title='bbox 435 830 598 892; x_wconf 81' lang='lat' dir='ltr'><strong>saren&#39;s‘?“</strong></span> <span class='ocrx_word' id='word_1_16' title='bbox 622 837 690 910; x_wconf 93' lang='lat' dir='ltr'><strong>apte</strong></span> <span class='ocrx_word' id='word_1_17' title='bbox 711 828 878 910; x_wconf 80' lang='lat' dir='ltr'>respondet</span> <span class='ocrx_word' id='word_1_18' title='bbox 900 828 1067 892; x_wconf 65' lang='lat' dir='ltr'><strong>&amp;ssandra</strong></span> <span class='ocrx_word' id='word_1_19' title='bbox 1089 849 1118 892; x_wconf 84' lang='lat' dir='ltr'><strong>v.</strong></span> <span class='ocrx_word' id='word_1_20' title='bbox 1143 833 1233 894; x_wconf 81' lang='grc'><strong>1114.</strong></span> <span class='ocrx_word' id='word_1_21' title='bbox 1248 867 1288 876; x_wconf 93' lang='grc'><strong>-</strong></span> <span class='ocrx_word' id='word_1_22' title='bbox 1302 831 1463 918; x_wconf 74' lang='grc' dir='ltr'><em>ᾑρημένη</em></span> <span class='ocrx_word' id='word_1_23' title='bbox 1485 832 1605 896; x_wconf 84' lang='lat' dir='ltr'><strong>videtur</strong></span> <span class='ocrx_word' id='word_1_24' title='bbox 1626 836 1773 896; x_wconf 86' lang='lat' dir='ltr'><strong>intrusum</strong></span> <span class='ocrx_word' id='word_1_25' title='bbox 1788 853 1859 898; x_wconf 89' lang='lat' dir='ltr'><strong>esse</strong></span> <span class='ocrx_word' id='word_1_26' title='bbox 1873 836 1912 898; x_wconf 89' lang='lat' dir='ltr'><strong>ah</strong></span> <span class='ocrx_word' id='word_1_27' title='bbox 1926 838 2035 920; x_wconf 84' lang='lat' dir='ltr'><strong>aliquo,</strong></span> 
     </span>
     <span class='ocr_line' id='line_1_4' title="bbox 435 926 2035 1014; baseline 0.006 -24"><span class='ocrx_word' id='word_1_28' title='bbox 435 931 486 1010; x_wconf 88' lang='lat' dir='ltr'><strong>qui</strong></span> <span class='ocrx_word' id='word_1_29' title='bbox 514 929 582 990; x_wconf 93' lang='lat' dir='ltr'><strong>loco</strong></span> <span class='ocrx_word' id='word_1_30' title='bbox 611 945 705 1008; x_wconf 91' lang='lat' dir='ltr'><strong>prave</strong></span> <span class='ocrx_word' id='word_1_31' title='bbox 734 926 887 989; x_wconf 88' lang='lat' dir='ltr'><strong>intellecto</strong></span> <span class='ocrx_word' id='word_1_32' title='bbox 914 927 973 989; x_wconf 91' lang='lat' dir='ltr'><strong>hoc</strong></span> <span class='ocrx_word' id='word_1_33' title='bbox 1001 930 1187 1013; x_wconf 80' lang='lat' dir='ltr'><strong>interrogari</strong></span> <span class='ocrx_word' id='word_1_34' title='bbox 1215 927 1403 1012; x_wconf 91' lang='lat' dir='ltr'><strong>opinaretur,</strong></span> <span class='ocrx_word' id='word_1_35' title='bbox 1431 948 1501 994; x_wconf 89' lang='lat' dir='ltr'><strong>num</strong></span> <span class='ocrx_word' id='word_1_36' title='bbox 1530 941 1615 1014; x_wconf 88' lang='lat' dir='ltr'><strong>capta</strong></span> <span class='ocrx_word' id='word_1_37' title='bbox 1643 935 1700 996; x_wconf 88' lang='lat' dir='ltr'><strong>iam</strong></span> <span class='ocrx_word' id='word_1_38' title='bbox 1725 941 1787 996; x_wconf 89' lang='lat' dir='ltr'><strong>tnm</strong></span> <span class='ocrx_word' id='word_1_39' title='bbox 1808 932 1914 998; x_wconf 87' lang='lat' dir='ltr'><strong>fnisset</strong></span> <span class='ocrx_word' id='word_1_40' title='bbox 1937 955 1954 998; x_wconf 92' lang='lat' dir='ltr'><strong>a</strong></span> <span class='ocrx_word' id='word_1_41' title='bbox 1976 937 2035 999; x_wconf 93' lang='lat' dir='ltr'><strong>deo</strong></span> 
     </span>
     <span class='ocr_line' id='line_1_5' title="bbox 436 1025 1085 1108; baseline 0.002 -19"><span class='ocrx_word' id='word_1_42' title='bbox 436 1030 562 1108; x_wconf 78' lang='lat' dir='ltr'><strong>eiusque</strong></span> <span class='ocrx_word' id='word_1_43' title='bbox 585 1027 699 1088; x_wconf 88' lang='lat' dir='ltr'><strong>artibus</strong></span> <span class='ocrx_word' id='word_1_44' title='bbox 721 1025 758 1086; x_wconf 93' lang='lat' dir='ltr'><strong>ad</strong></span> <span class='ocrx_word' id='word_1_45' title='bbox 780 1042 914 1088; x_wconf 87' lang='lat' dir='ltr'><strong>amorem</strong></span> <span class='ocrx_word' id='word_1_46' title='bbox 936 1025 1085 1090; x_wconf 85' lang='lat' dir='ltr'><strong>devincta.</strong></span> 
     </span>
    </p>

    <p class='ocr_par' dir='ltr' id='par_1_3' title="bbox 381 1120 2037 2292">
     <span class='ocr_line' id='line_1_6' title="bbox 381 1120 2035 1210; baseline 0.005 -24"><span class='ocrx_word' id='word_1_47' title='bbox 381 1123 387 1136; x_wconf 81' lang='grc'><em>“</em></span> <span class='ocrx_word' id='word_1_48' title='bbox 435 1177 440 1194; x_wconf 89' lang='grc'>,</span> <span class='ocrx_word' id='word_1_49' title='bbox 522 1129 611 1187; x_wconf 87' lang='grc'><strong>1181.</strong></span> <span class='ocrx_word' id='word_1_50' title='bbox 649 1120 771 1201; x_wconf 81' lang='grc' dir='ltr'><em>παῖδες</em></span> <span class='ocrx_word' id='word_1_51' title='bbox 793 1121 958 1203; x_wconf 92' lang='grc' dir='ltr'><em>θανόντες</em></span> <span class='ocrx_word' id='word_1_52' title='bbox 981 1124 1131 1207; x_wconf 75' lang='grc' dir='ltr'><em>ὡσπερεὶ</em></span> <span class='ocrx_word' id='word_1_53' title='bbox 1152 1126 1244 1208; x_wconf 83' lang='grc' dir='ltr'><em>πρὸς</em></span> <span class='ocrx_word' id='word_1_54' title='bbox 1265 1128 1331 1190; x_wconf 80' lang='grc' dir='ltr'><em>τῶν</em></span> <span class='ocrx_word' id='word_1_55' title='bbox 1352 1126 1472 1207; x_wconf 80' lang='grc' dir='ltr'><em>φίλων.</em></span> <span class='ocrx_word' id='word_1_56' title='bbox 1503 1129 1570 1192; x_wconf 86' lang='lat' dir='ltr'><strong>Non</strong></span> <span class='ocrx_word' id='word_1_57' title='bbox 1592 1129 1662 1192; x_wconf 88' lang='lat' dir='ltr'><strong>mihi</strong></span> <span class='ocrx_word' id='word_1_58' title='bbox 1678 1133 1828 1210; x_wconf 74' lang='lat' dir='ltr'><strong>persuasit</strong></span> <span class='ocrx_word' id='word_1_59' title='bbox 1843 1130 2035 1197; x_wconf 77' lang='lat' dir='ltr'><strong>Schneidew.</strong></span> 
     </span>
     <span class='ocr_line' id='line_1_7' title="bbox 436 1221 2035 1309; baseline 0.005 -23"><span class='ocrx_word' id='word_1_60' title='bbox 436 1224 474 1286; x_wconf 93' lang='lat' dir='ltr'><strong>de</strong></span> <span class='ocrx_word' id='word_1_61' title='bbox 505 1224 666 1286; x_wconf 91' lang='lat' dir='ltr'><strong>retinendo</strong></span> <span class='ocrx_word' id='word_1_62' title='bbox 695 1221 855 1303; x_wconf 78' lang='grc' dir='ltr'><em>ὡσπερεί,</em></span> <span class='ocrx_word' id='word_1_63' title='bbox 884 1224 913 1284; x_wconf 93' lang='lat' dir='ltr'><strong>in</strong></span> <span class='ocrx_word' id='word_1_64' title='bbox 936 1241 996 1304; x_wconf 87' lang='lat' dir='ltr'><strong>qno</strong></span> <span class='ocrx_word' id='word_1_65' title='bbox 1018 1226 1145 1288; x_wconf 80' lang='lat' dir='ltr'><strong>ironiam</strong></span> <span class='ocrx_word' id='word_1_66' title='bbox 1167 1225 1307 1288; x_wconf 78' lang='lat' dir='ltr'><strong>acerbam</strong></span> <span class='ocrx_word' id='word_1_67' title='bbox 1329 1245 1401 1288; x_wconf 90' lang='lat' dir='ltr'><strong>esse</strong></span> <span class='ocrx_word' id='word_1_68' title='bbox 1424 1227 1530 1304; x_wconf 85' lang='lat' dir='ltr'><strong>voluit,</strong></span> <span class='ocrx_word' id='word_1_69' title='bbox 1559 1245 1627 1290; x_wconf 89' lang='lat' dir='ltr'><strong>meo</strong></span> <span class='ocrx_word' id='word_1_70' title='bbox 1649 1228 1770 1309; x_wconf 87' lang='lat' dir='ltr'><strong>quidem</strong></span> <span class='ocrx_word' id='word_1_71' title='bbox 1791 1249 1885 1293; x_wconf 92' lang='lat' dir='ltr'><strong>sensu</strong></span> <span class='ocrx_word' id='word_1_72' title='bbox 1906 1231 1944 1293; x_wconf 90' lang='lat' dir='ltr'><strong>ab</strong></span> <span class='ocrx_word' id='word_1_73' title='bbox 1965 1231 1994 1294; x_wconf 89' lang='lat' dir='ltr'><strong>h.</strong></span> <span class='ocrx_word' id='word_1_74' title='bbox 2016 1233 2035 1294; x_wconf 94' lang='grc'><strong>1.</strong></span> 
     </span>
     <span class='ocr_line' id='line_1_8' title="bbox 436 1321 2035 1414; baseline 0.003 -29"><span class='ocrx_word' id='word_1_75' title='bbox 436 1324 661 1398; x_wconf 82' lang='lat' dir='ltr'><strong>alienissimam,</strong></span> <span class='ocrx_word' id='word_1_76' title='bbox 692 1324 790 1402; x_wconf 81' lang='lat' dir='ltr'><strong>itaque</strong></span> <span class='ocrx_word' id='word_1_77' title='bbox 819 1328 904 1383; x_wconf 91' lang='lat' dir='ltr'><strong>recte</strong></span> <span class='ocrx_word' id='word_1_78' title='bbox 933 1321 1075 1385; x_wconf 84' lang='lat' dir='ltr'><strong>fecerunt</strong></span> <span class='ocrx_word' id='word_1_79' title='bbox 1104 1325 1156 1405; x_wconf 81' lang='lat' dir='ltr'><strong>qni</strong></span> <span class='ocrx_word' id='word_1_80' title='bbox 1184 1323 1222 1386; x_wconf 94' lang='lat' dir='ltr'><strong>ad</strong></span> <span class='ocrx_word' id='word_1_81' title='bbox 1250 1323 1492 1387; x_wconf 80' lang='lat' dir='ltr'><strong>emendationem</strong></span> <span class='ocrx_word' id='word_1_82' title='bbox 1518 1325 1737 1414; x_wconf 80' lang='lat' dir='ltr'><strong>confugerunt,</strong></span> <span class='ocrx_word' id='word_1_83' title='bbox 1769 1335 1799 1390; x_wconf 93' lang='lat' dir='ltr'><strong>ut</strong></span> <span class='ocrx_word' id='word_1_84' title='bbox 1821 1329 1967 1392; x_wconf 88' lang='lat' dir='ltr'><strong>hiartinus</strong></span> <span class='ocrx_word' id='word_1_85' title='bbox 1988 1330 2035 1408; x_wconf 74' lang='grc' dir='ltr'><strong>τίς</strong></span> 
     </span>
     <span class='ocr_line' id='line_1_9' title="bbox 437 1413 2036 1508; baseline 0.006 -26"><span class='ocrx_word' id='word_1_86' title='bbox 437 1419 572 1500; x_wconf 78' lang='grc' dir='ltr'><em>πόρτις,</em></span> <span class='ocrx_word' id='word_1_87' title='bbox 595 1428 649 1498; x_wconf 83' lang='lat' dir='ltr'><strong>,ut</strong></span> <span class='ocrx_word' id='word_1_88' title='bbox 672 1420 790 1496; x_wconf 84' lang='lat' dir='ltr'><strong>vituli“,</strong></span> <span class='ocrx_word' id='word_1_89' title='bbox 813 1416 930 1502; x_wconf 81' lang='grc' dir='ltr'><em>ὥσπερ</em></span> <span class='ocrx_word' id='word_1_90' title='bbox 945 1413 1023 1498; x_wconf 83' lang='grc' dir='ltr'><em>οὖν,</em></span> <span class='ocrx_word' id='word_1_91' title='bbox 1046 1429 1100 1500; x_wconf 86' lang='lat' dir='ltr'><strong>,ut</strong></span> <span class='ocrx_word' id='word_1_92' title='bbox 1121 1441 1232 1485; x_wconf 84' lang='lat' dir='ltr'><strong>revera</strong></span> <span class='ocrx_word' id='word_1_93' title='bbox 1254 1421 1363 1486; x_wconf 89' lang='lat' dir='ltr'><strong>factum</strong></span> <span class='ocrx_word' id='word_1_94' title='bbox 1384 1425 1457 1485; x_wconf 85' lang='lat' dir='ltr'><strong>est“</strong></span> <span class='ocrx_word' id='word_1_95' title='bbox 1479 1425 1528 1486; x_wconf 87' lang='lat' dir='ltr'><strong>Fr.</strong></span> <span class='ocrx_word' id='word_1_96' title='bbox 1552 1425 1712 1504; x_wconf 87' lang='lat' dir='ltr'><strong>Thiersch,</strong></span> <span class='ocrx_word' id='word_1_97' title='bbox 1734 1429 1808 1505; x_wconf 80' lang='grc' dir='ltr'><strong>πῶς</strong></span> <span class='ocrx_word' id='word_1_98' title='bbox 1832 1429 1924 1508; x_wconf 80' lang='grc' dir='ltr'><em>ἐρεῖς</em></span> <span class='ocrx_word' id='word_1_99' title='bbox 1945 1427 2036 1490; x_wconf 89' lang='lat' dir='ltr'><strong>Bam-</strong></span> 
     </span>
     <span class='ocr_line' id='line_1_10' title="bbox 437 1517 2036 1608; baseline 0.005 -27"><span class='ocrx_word' id='word_1_100' title='bbox 437 1521 561 1602; x_wconf 81' lang='lat' dir='ltr'><strong>herger.</strong></span> <span class='ocrx_word' id='word_1_101' title='bbox 597 1520 634 1581; x_wconf 86' lang='lat' dir='ltr'><strong>Et</strong></span> <span class='ocrx_word' id='word_1_102' title='bbox 660 1519 730 1582; x_wconf 87' lang='lat' dir='ltr'><strong>mihi</strong></span> <span class='ocrx_word' id='word_1_103' title='bbox 752 1517 874 1598; x_wconf 85' lang='lat' dir='ltr'><strong>quidem</strong></span> <span class='ocrx_word' id='word_1_104' title='bbox 895 1520 990 1581; x_wconf 86' lang='lat' dir='ltr'><strong>verba</strong></span> <span class='ocrx_word' id='word_1_105' title='bbox 1012 1519 1271 1600; x_wconf 81' lang='lat' dir='ltr'><strong>Clytaemnestrae</strong></span> <span class='ocrx_word' id='word_1_106' title='bbox 1293 1540 1323 1582; x_wconf 84' lang='lat' dir='ltr'><strong>v.</strong></span> <span class='ocrx_word' id='word_1_107' title='bbox 1349 1523 1425 1584; x_wconf 78' lang='grc'><strong>1881</strong></span> <span class='ocrx_word' id='word_1_108' title='bbox 1450 1521 1597 1603; x_wconf 79' lang='grc' dir='ltr'><em>ὡσπερεί</em></span> <span class='ocrx_word' id='word_1_109' title='bbox 1619 1526 1722 1604; x_wconf 78' lang='grc' dir='ltr'><em>βοτοῦ</em></span> <span class='ocrx_word' id='word_1_110' title='bbox 1742 1522 1854 1608; x_wconf 82' lang='grc' dir='ltr'><em>μόρον</em></span> <span class='ocrx_word' id='word_1_111' title='bbox 1873 1529 2036 1606; x_wconf 89' lang='lat' dir='ltr'><strong>reputanti,</strong></span> 
     </span>
     <span class='ocr_line' id='line_1_11' title="bbox 436 1615 2034 1705; baseline 0.006 -26"><span class='ocrx_word' id='word_1_112' title='bbox 436 1619 544 1700; x_wconf 86' lang='lat' dir='ltr'><strong>quibus</strong></span> <span class='ocrx_word' id='word_1_113' title='bbox 566 1617 692 1680; x_wconf 91' lang='lat' dir='ltr'><strong>eandam</strong></span> <span class='ocrx_word' id='word_1_114' title='bbox 714 1637 779 1678; x_wconf 88' lang='lat' dir='ltr'><strong>rom</strong></span> <span class='ocrx_word' id='word_1_115' title='bbox 801 1615 908 1680; x_wconf 91' lang='lat' dir='ltr'><strong>factam</strong></span> <span class='ocrx_word' id='word_1_116' title='bbox 923 1628 1040 1696; x_wconf 91' lang='lat' dir='ltr'><strong>narrat,</strong></span> <span class='ocrx_word' id='word_1_117' title='bbox 1063 1639 1151 1700; x_wconf 69' lang='grc' dir='ltr'><em>ηαστε</em></span> <span class='ocrx_word' id='word_1_118' title='bbox 1166 1620 1214 1682; x_wconf 92' lang='lat' dir='ltr'><strong>hic</strong></span> <span class='ocrx_word' id='word_1_119' title='bbox 1229 1619 1397 1683; x_wconf 86' lang='lat' dir='ltr'><strong>Cassandra</strong></span> <span class='ocrx_word' id='word_1_120' title='bbox 1415 1620 1522 1683; x_wconf 88' lang='lat' dir='ltr'><strong>factam</strong></span> <span class='ocrx_word' id='word_1_121' title='bbox 1536 1631 1713 1705; x_wconf 79' lang='lat' dir='ltr'><strong>auguratur,</strong></span> <span class='ocrx_word' id='word_1_122' title='bbox 1735 1632 1852 1686; x_wconf 88' lang='lat' dir='ltr'><strong>certum</strong></span> <span class='ocrx_word' id='word_1_123' title='bbox 1867 1633 1968 1687; x_wconf 89' lang='lat' dir='ltr'><strong>estex</strong></span> <span class='ocrx_word' id='word_1_124' title='bbox 1983 1626 2034 1688; x_wconf 93' lang='lat' dir='ltr'><strong>illo</strong></span> 
     </span>
     <span class='ocr_line' id='line_1_12' title="bbox 435 1717 2037 1803; baseline 0.004 -23"><span class='ocrx_word' id='word_1_125' title='bbox 435 1719 502 1781; x_wconf 89' lang='lat' dir='ltr'><strong>loco</strong></span> <span class='ocrx_word' id='word_1_126' title='bbox 524 1718 582 1780; x_wconf 91' lang='lat' dir='ltr'><strong>hnc</strong></span> <span class='ocrx_word' id='word_1_127' title='bbox 605 1717 772 1780; x_wconf 87' lang='lat' dir='ltr'><strong>traductum</strong></span> <span class='ocrx_word' id='word_1_128' title='bbox 798 1737 868 1780; x_wconf 89' lang='lat' dir='ltr'><strong>esse</strong></span> <span class='ocrx_word' id='word_1_129' title='bbox 891 1717 1050 1800; x_wconf 82' lang='grc' dir='ltr'><em>ὡσπερεί.</em></span> <span class='ocrx_word' id='word_1_130' title='bbox 1081 1719 1207 1782; x_wconf 87' lang='lat' dir='ltr'><strong>Videtur</strong></span> <span class='ocrx_word' id='word_1_131' title='bbox 1227 1721 1308 1782; x_wconf 89' lang='lat' dir='ltr'><strong>enim</strong></span> <span class='ocrx_word' id='word_1_132' title='bbox 1332 1721 1412 1782; x_wconf 92' lang='lat' dir='ltr'><strong>illinc</strong></span> <span class='ocrx_word' id='word_1_133' title='bbox 1433 1721 1538 1802; x_wconf 82' lang='lat' dir='ltr'><strong>aliquis</strong></span> <span class='ocrx_word' id='word_1_134' title='bbox 1558 1719 1754 1802; x_wconf 82' lang='lat' dir='ltr'><strong>adscripsisse</strong></span> <span class='ocrx_word' id='word_1_135' title='bbox 1770 1720 1917 1803; x_wconf 83' lang='grc' dir='ltr'><em>ὡσπερεί</em></span> <span class='ocrx_word' id='word_1_136' title='bbox 1932 1725 2037 1803; x_wconf 77' lang='grc' dir='ltr'><em>βοτῶν</em></span> 
     </span>
     <span class='ocr_line' id='line_1_13' title="bbox 435 1815 2036 1904; baseline 0.001 -24"><span class='ocrx_word' id='word_1_137' title='bbox 435 1815 545 1902; x_wconf 86' lang='grc' dir='ltr'><em>μόρῳ.</em></span> <span class='ocrx_word' id='word_1_138' title='bbox 589 1816 644 1878; x_wconf 84' lang='lat' dir='ltr'><strong>llic</strong></span> <span class='ocrx_word' id='word_1_139' title='bbox 673 1824 772 1878; x_wconf 84' lang='lat' dir='ltr'><strong>autern</strong></span> <span class='ocrx_word' id='word_1_140' title='bbox 793 1816 984 1880; x_wconf 91' lang='lat' dir='ltr'><strong>desideratur</strong></span> <span class='ocrx_word' id='word_1_141' title='bbox 1005 1820 1129 1901; x_wconf 70' lang='lat' dir='ltr'><strong>gratim</strong></span> <span class='ocrx_word' id='word_1_142' title='bbox 1150 1817 1300 1900; x_wconf 84' lang='lat' dir='ltr'><strong>quoddam</strong></span> <span class='ocrx_word' id='word_1_143' title='bbox 1321 1820 1512 1896; x_wconf 86' lang='lat' dir='ltr'><strong>vocabulum,</strong></span> <span class='ocrx_word' id='word_1_144' title='bbox 1541 1838 1601 1900; x_wconf 79' lang='lat' dir='ltr'><strong>quo</strong></span> <span class='ocrx_word' id='word_1_145' title='bbox 1622 1821 1669 1882; x_wconf 90' lang='lat' dir='ltr'><strong>rei</strong></span> <span class='ocrx_word' id='word_1_146' title='bbox 1690 1823 1835 1882; x_wconf 85' lang='lat' dir='ltr'><strong>atrocitas</strong></span> <span class='ocrx_word' id='word_1_147' title='bbox 1857 1823 1954 1904; x_wconf 81' lang='lat' dir='ltr'><strong>magis</strong></span> <span class='ocrx_word' id='word_1_148' title='bbox 1975 1840 2036 1883; x_wconf 83' lang='lat' dir='ltr'><strong>ex-</strong></span> 
     </span>
     <span class='ocr_line' id='line_1_14' title="bbox 436 1914 2035 2000; baseline 0.003 -24"><span class='ocrx_word' id='word_1_149' title='bbox 436 1917 557 1978; x_wconf 88' lang='lat' dir='ltr'><strong>tollatur</strong></span> <span class='ocrx_word' id='word_1_150' title='bbox 585 1935 673 1997; x_wconf 89' lang='lat' dir='ltr'><strong>qoam</strong></span> <span class='ocrx_word' id='word_1_151' title='bbox 701 1914 953 1995; x_wconf 76' lang='grc' dir='ltr'><em>αποθανόντος</em></span> <span class='ocrx_word' id='word_1_152' title='bbox 981 1917 1047 1980; x_wconf 88' lang='lat' dir='ltr'><strong>fieri</strong></span> <span class='ocrx_word' id='word_1_153' title='bbox 1075 1925 1188 1998; x_wconf 91' lang='lat' dir='ltr'><strong>potest,</strong></span> <span class='ocrx_word' id='word_1_154' title='bbox 1220 1917 1301 1999; x_wconf 85' lang='lat' dir='ltr'><strong>qnod</strong></span> <span class='ocrx_word' id='word_1_155' title='bbox 1329 1922 1375 1980; x_wconf 89' lang='lat' dir='ltr'><strong>rei</strong></span> <span class='ocrx_word' id='word_1_156' title='bbox 1404 1920 1574 1980; x_wconf 88' lang='lat' dir='ltr'><strong>immanitati</strong></span> <span class='ocrx_word' id='word_1_157' title='bbox 1597 1918 1813 2000; x_wconf 80' lang='lat' dir='ltr'><strong>significandae</strong></span> <span class='ocrx_word' id='word_1_158' title='bbox 1835 1936 1897 1980; x_wconf 89' lang='lat' dir='ltr'><strong>non</strong></span> <span class='ocrx_word' id='word_1_159' title='bbox 1919 1919 2035 1982; x_wconf 86' lang='lat' dir='ltr'><strong>suflicit.</strong></span> 
     </span>
     <span class='ocr_line' id='line_1_15' title="bbox 438 2013 2037 2097; baseline 0.003 -21"><span class='ocrx_word' id='word_1_160' title='bbox 438 2015 540 2095; x_wconf 87' lang='lat' dir='ltr'><strong>ltaque</strong></span> <span class='ocrx_word' id='word_1_161' title='bbox 563 2017 593 2076; x_wconf 91' lang='lat' dir='ltr'><strong>in</strong></span> <span class='ocrx_word' id='word_1_162' title='bbox 614 2015 777 2096; x_wconf 76' lang='lat' dir='ltr'><strong>partiendae</strong></span> <span class='ocrx_word' id='word_1_163' title='bbox 800 2016 897 2076; x_wconf 91' lang='lat' dir='ltr'><strong>inanis</strong></span> <span class='ocrx_word' id='word_1_164' title='bbox 919 2013 1067 2096; x_wconf 80' lang='grc' dir='ltr'><em>ὡσπερεὶ</em></span> <span class='ocrx_word' id='word_1_165' title='bbox 1086 2017 1184 2078; x_wconf 90' lang='lat' dir='ltr'><strong>locum</strong></span> <span class='ocrx_word' id='word_1_166' title='bbox 1206 2015 1349 2078; x_wconf 84' lang='lat' dir='ltr'><strong>succedat</strong></span> <span class='ocrx_word' id='word_1_167' title='bbox 1369 2014 1577 2097; x_wconf 83' lang='grc' dir='ltr'><em>πρόσφατοι.</em></span> <span class='ocrx_word' id='word_1_168' title='bbox 1616 2017 1689 2079; x_wconf 89' lang='lat' dir='ltr'><strong>Nam</strong></span> <span class='ocrx_word' id='word_1_169' title='bbox 1711 2017 1817 2080; x_wconf 90' lang='lat' dir='ltr'><strong>videre</strong></span> <span class='ocrx_word' id='word_1_170' title='bbox 1840 2018 1896 2080; x_wconf 89' lang='lat' dir='ltr'><strong>sihi</strong></span> <span class='ocrx_word' id='word_1_171' title='bbox 1918 2017 2037 2080; x_wconf 81' lang='lat' dir='ltr'><strong>ridetur</strong></span> 
     </span>
     <span class='ocr_line' id='line_1_16' title="bbox 437 2109 2036 2197; baseline 0.003 -23"><span class='ocrx_word' id='word_1_172' title='bbox 437 2109 549 2193; x_wconf 90' lang='lat' dir='ltr'><strong>pueros</strong></span> <span class='ocrx_word' id='word_1_173' title='bbox 570 2121 705 2174; x_wconf 90' lang='lat' dir='ltr'><strong>mortuos</strong></span> <span class='ocrx_word' id='word_1_174' title='bbox 726 2131 838 2176; x_wconf 88' lang='lat' dir='ltr'><strong>recens</strong></span> <span class='ocrx_word' id='word_1_175' title='bbox 860 2120 1004 2175; x_wconf 87' lang='lat' dir='ltr'><strong>mactatos</strong></span> <span class='ocrx_word' id='word_1_176' title='bbox 1025 2131 1042 2174; x_wconf 90' lang='lat' dir='ltr'><strong>a</strong></span> <span class='ocrx_word' id='word_1_177' title='bbox 1064 2115 1313 2197; x_wconf 84' lang='lat' dir='ltr'><strong>consangnineis,</strong></span> <span class='ocrx_word' id='word_1_178' title='bbox 1337 2123 1366 2176; x_wconf 90' lang='lat' dir='ltr'><strong>et</strong></span> <span class='ocrx_word' id='word_1_179' title='bbox 1389 2113 1476 2177; x_wconf 90' lang='lat' dir='ltr'><strong>facile</strong></span> <span class='ocrx_word' id='word_1_180' title='bbox 1498 2117 1590 2197; x_wconf 80' lang='lat' dir='ltr'><strong>potant</strong></span> <span class='ocrx_word' id='word_1_181' title='bbox 1613 2112 1812 2197; x_wconf 79' lang='grc' dir='ltr'><em>πρόσφατοι</em></span> <span class='ocrx_word' id='word_1_182' title='bbox 1834 2119 1959 2178; x_wconf 88' lang='lat' dir='ltr'><strong>interire</strong></span> <span class='ocrx_word' id='word_1_183' title='bbox 1981 2135 2036 2178; x_wconf 92' lang='lat' dir='ltr'><strong>se-</strong></span> 
     </span>
     <span class='ocr_line' id='line_1_17' title="bbox 436 2211 890 2292; baseline 0.002 -18"><span class='ocrx_word' id='word_1_184' title='bbox 436 2220 549 2292; x_wconf 82' lang='lat' dir='ltr'><strong>quente</strong></span> <span class='ocrx_word' id='word_1_185' title='bbox 571 2211 662 2292; x_wconf 84' lang='grc' dir='ltr'><em>πρὸς</em></span> <span class='ocrx_word' id='word_1_186' title='bbox 684 2215 749 2274; x_wconf 81' lang='grc' dir='ltr'><em>τῶν</em></span> <span class='ocrx_word' id='word_1_187' title='bbox 770 2211 890 2292; x_wconf 76' lang='grc' dir='ltr'><em>φίλων.</em></span> 
     </span>
    </p>

    <p class='ocr_par' dir='ltr' id='par_1_4' title="bbox 436 2306 2038 2884">
     <span class='ocr_line' id='line_1_18' title="bbox 523 2306 2036 2393; baseline -0.001 -21"><span class='ocrx_word' id='word_1_188' title='bbox 523 2313 610 2372; x_wconf 78' lang='lat' dir='ltr'><strong>flet.</strong></span> <span class='ocrx_word' id='word_1_189' title='bbox 654 2306 786 2392; x_wconf 78' lang='grc' dir='ltr'><em>λέξασα</em></span> <span class='ocrx_word' id='word_1_190' title='bbox 808 2309 1015 2375; x_wconf 89' lang='grc' dir='ltr'><em>κάκτείνασα</em></span> <span class='ocrx_word' id='word_1_191' title='bbox 1034 2309 1260 2393; x_wconf 83' lang='grc' dir='ltr'><em>φαιόρόνούς.</em></span> <span class='ocrx_word' id='word_1_192' title='bbox 1297 2311 1330 2373; x_wconf 93' lang='lat' dir='ltr'><strong>fn</strong></span> <span class='ocrx_word' id='word_1_193' title='bbox 1352 2308 1566 2392; x_wconf 81' lang='grc' dir='ltr'><em>φαιάρόνονς</em></span> <span class='ocrx_word' id='word_1_194' title='bbox 1587 2330 1665 2375; x_wconf 88' lang='lat' dir='ltr'><strong>unus</strong></span> <span class='ocrx_word' id='word_1_195' title='bbox 1686 2313 1783 2375; x_wconf 90' lang='lat' dir='ltr'><strong>haesit</strong></span> <span class='ocrx_word' id='word_1_196' title='bbox 1807 2311 2036 2374; x_wconf 87' lang='lat' dir='ltr'><strong>Schoemannus</strong></span> 
     </span>
     <span class='ocr_line' id='line_1_19' title="bbox 436 2407 2036 2492; baseline -0.001 -21"><span class='ocrx_word' id='word_1_197' title='bbox 436 2418 521 2472; x_wconf 88' lang='lat' dir='ltr'><strong>recte</strong></span> <span class='ocrx_word' id='word_1_198' title='bbox 544 2412 682 2472; x_wconf 90' lang='lat' dir='ltr'><strong>sentiens</strong></span> <span class='ocrx_word' id='word_1_199' title='bbox 703 2407 742 2470; x_wconf 90' lang='lat' dir='ltr'><strong>de</strong></span> <span class='ocrx_word' id='word_1_200' title='bbox 765 2409 899 2471; x_wconf 87' lang='lat' dir='ltr'><strong>simulata</strong></span> <span class='ocrx_word' id='word_1_201' title='bbox 922 2408 951 2470; x_wconf 91' lang='lat' dir='ltr'><strong>id</strong></span> <span class='ocrx_word' id='word_1_202' title='bbox 972 2409 1082 2472; x_wconf 92' lang='lat' dir='ltr'><strong>laetitia</strong></span> <span class='ocrx_word' id='word_1_203' title='bbox 1103 2410 1162 2472; x_wconf 94' lang='lat' dir='ltr'><strong>dici</strong></span> <span class='ocrx_word' id='word_1_204' title='bbox 1183 2429 1245 2472; x_wconf 93' lang='lat' dir='ltr'><strong>non</strong></span> <span class='ocrx_word' id='word_1_205' title='bbox 1259 2413 1407 2492; x_wconf 90' lang='lat' dir='ltr'><strong>potuisse,</strong></span> <span class='ocrx_word' id='word_1_206' title='bbox 1430 2429 1465 2472; x_wconf 88' lang='lat' dir='ltr'><strong>ac</strong></span> <span class='ocrx_word' id='word_1_207' title='bbox 1480 2408 1589 2472; x_wconf 89' lang='lat' dir='ltr'><strong>frustra</strong></span> <span class='ocrx_word' id='word_1_208' title='bbox 1605 2429 1673 2474; x_wconf 90' lang='lat' dir='ltr'><strong>enm</strong></span> <span class='ocrx_word' id='word_1_209' title='bbox 1688 2409 1831 2473; x_wconf 83' lang='lat' dir='ltr'><strong>refellere</strong></span> <span class='ocrx_word' id='word_1_210' title='bbox 1848 2409 1946 2473; x_wconf 87' lang='lat' dir='ltr'><strong>studet</strong></span> <span class='ocrx_word' id='word_1_211' title='bbox 1960 2411 2036 2470; x_wconf 88' lang='lat' dir='ltr'><strong>arti-</strong></span> 
     </span>
     <span class='ocr_line' id='line_1_20' title="bbox 436 2506 2036 2590; baseline -0.001 -20"><span class='ocrx_word' id='word_1_212' title='bbox 436 2508 504 2570; x_wconf 86' lang='lat' dir='ltr'><strong>ficio</strong></span> <span class='ocrx_word' id='word_1_213' title='bbox 527 2507 656 2588; x_wconf 87' lang='lat' dir='ltr'><strong>quodam</strong></span> <span class='ocrx_word' id='word_1_214' title='bbox 672 2506 879 2584; x_wconf 77' lang='lat' dir='ltr'><strong>Schneidew,</strong></span> <span class='ocrx_word' id='word_1_215' title='bbox 901 2509 986 2588; x_wconf 85' lang='lat' dir='ltr'><strong>qnasi</strong></span> <span class='ocrx_word' id='word_1_216' title='bbox 1002 2507 1241 2588; x_wconf 74' lang='lat' dir='ltr'><strong>Clytaemnestra</strong></span> <span class='ocrx_word' id='word_1_217' title='bbox 1259 2527 1299 2570; x_wconf 83' lang='lat' dir='ltr'><strong>ex</strong></span> <span class='ocrx_word' id='word_1_218' title='bbox 1314 2517 1415 2570; x_wconf 89' lang='lat' dir='ltr'><strong>mente</strong></span> <span class='ocrx_word' id='word_1_219' title='bbox 1430 2512 1668 2590; x_wconf 81' lang='lat' dir='ltr'><strong>Agamemnonis</strong></span> <span class='ocrx_word' id='word_1_220' title='bbox 1682 2509 1797 2572; x_wconf 88' lang='lat' dir='ltr'><strong>dicatur</strong></span> <span class='ocrx_word' id='word_1_221' title='bbox 1812 2507 2036 2589; x_wconf 77' lang='grc' dir='ltr'><em>φαιδρόνονς.</em></span> 
     </span>
     <span class='ocr_line' id='line_1_21' title="bbox 437 2603 2038 2688; baseline -0.001 -21"><span class='ocrx_word' id='word_1_222' title='bbox 437 2607 500 2667; x_wconf 83' lang='lat' dir='ltr'><strong>Nec</strong></span> <span class='ocrx_word' id='word_1_223' title='bbox 522 2615 622 2668; x_wconf 88' lang='lat' dir='ltr'><strong>tamen</strong></span> <span class='ocrx_word' id='word_1_224' title='bbox 646 2606 847 2668; x_wconf 88' lang='lat' dir='ltr'><strong>Schoemanni</strong></span> <span class='ocrx_word' id='word_1_225' title='bbox 869 2603 1040 2685; x_wconf 80' lang='grc' dir='ltr'><em>φατόνονς</em></span> <span class='ocrx_word' id='word_1_226' title='bbox 1060 2606 1172 2687; x_wconf 89' lang='lat' dir='ltr'><strong>proho,</strong></span> <span class='ocrx_word' id='word_1_227' title='bbox 1200 2609 1268 2688; x_wconf 87' lang='lat' dir='ltr'><strong>quia</strong></span> <span class='ocrx_word' id='word_1_228' title='bbox 1295 2609 1469 2669; x_wconf 88' lang='lat' dir='ltr'><strong>necessaria</strong></span> <span class='ocrx_word' id='word_1_229' title='bbox 1495 2615 1542 2668; x_wconf 93' lang='lat' dir='ltr'><strong>est</strong></span> <span class='ocrx_word' id='word_1_230' title='bbox 1564 2608 1757 2670; x_wconf 88' lang='lat' dir='ltr'><strong>simulationis</strong></span> <span class='ocrx_word' id='word_1_231' title='bbox 1778 2609 1869 2669; x_wconf 92' lang='lat' dir='ltr'><strong>notio.</strong></span> <span class='ocrx_word' id='word_1_232' title='bbox 1911 2605 1985 2668; x_wconf 87' lang='lat' dir='ltr'><strong>Eam</strong></span> <span class='ocrx_word' id='word_1_233' title='bbox 2006 2612 2038 2666; x_wconf 92' lang='lat' dir='ltr'><strong>et</strong></span> 
     </span>
     <span class='ocr_line' id='line_1_22' title="bbox 436 2704 2037 2788; baseline 0.001 -22"><span class='ocrx_word' id='word_1_234' title='bbox 436 2707 761 2788; x_wconf 66' lang='lat' dir='ltr'><strong>orationetyiaioca)</strong></span> <span class='ocrx_word' id='word_1_235' title='bbox 791 2711 822 2766; x_wconf 92' lang='lat' dir='ltr'><strong>et</strong></span> <span class='ocrx_word' id='word_1_236' title='bbox 844 2705 926 2767; x_wconf 84' lang='lat' dir='ltr'><strong>vultu</strong></span> <span class='ocrx_word' id='word_1_237' title='bbox 947 2721 1021 2785; x_wconf 90' lang='lat' dir='ltr'><strong>prae</strong></span> <span class='ocrx_word' id='word_1_238' title='bbox 1044 2724 1078 2767; x_wconf 92' lang='lat' dir='ltr'><strong>se</strong></span> <span class='ocrx_word' id='word_1_239' title='bbox 1100 2704 1160 2767; x_wconf 90' lang='lat' dir='ltr'><strong>fert</strong></span> <span class='ocrx_word' id='word_1_240' title='bbox 1181 2709 1302 2788; x_wconf 79' lang='lat' dir='ltr'><strong>regina,</strong></span> <span class='ocrx_word' id='word_1_241' title='bbox 1332 2725 1419 2786; x_wconf 87' lang='lat' dir='ltr'><strong>qnam</strong></span> <span class='ocrx_word' id='word_1_242' title='bbox 1441 2706 1540 2770; x_wconf 78' lang='lat' dir='ltr'><strong>vidtns</strong></span> <span class='ocrx_word' id='word_1_243' title='bbox 1562 2708 1701 2770; x_wconf 89' lang='lat' dir='ltr'><strong>laetitiam</strong></span> <span class='ocrx_word' id='word_1_244' title='bbox 1722 2707 1880 2770; x_wconf 89' lang='lat' dir='ltr'><strong>indicatam</strong></span> <span class='ocrx_word' id='word_1_245' title='bbox 1902 2704 2037 2780; x_wconf 85' lang='lat' dir='ltr'><strong>videbis,</strong></span> 
     </span>
     <span class='ocr_line' id='line_1_23' title="bbox 437 2799 1024 2884; baseline 0.005 -20"><span class='ocrx_word' id='word_1_246' title='bbox 437 2808 461 2864; x_wconf 87' lang='lat' dir='ltr'><strong>si</strong></span> <span class='ocrx_word' id='word_1_247' title='bbox 484 2823 602 2868; x_wconf 88' lang='lat' dir='ltr'><strong>mecum</strong></span> <span class='ocrx_word' id='word_1_248' title='bbox 625 2804 784 2884; x_wconf 86' lang='lat' dir='ltr'><strong>scripseris</strong></span> <span class='ocrx_word' id='word_1_249' title='bbox 806 2799 1024 2884; x_wconf 82' lang='grc' dir='ltr'><em>φαιδρωπός.</em></span> 
     </span>
    </p>

    <p class='ocr_par' dir='ltr' id='par_1_5' title="bbox 395 2889 2039 3964">
     <span class='ocr_line' id='line_1_24' title="bbox 520 2889 2038 2981; baseline -0.001 -18"><span class='ocrx_word' id='word_1_250' title='bbox 520 2905 610 2963; x_wconf 76' lang='lat'><strong>1200.</strong></span> <span class='ocrx_word' id='word_1_251' title='bbox 642 2889 934 2964; x_wconf 80' lang='grc' dir='ltr'><em>θύουσανἎτθου</em></span> <span class='ocrx_word' id='word_1_252' title='bbox 954 2902 1096 2981; x_wconf 77' lang='grc' dir='ltr'><em>μητέρα.</em></span> <span class='ocrx_word' id='word_1_253' title='bbox 1138 2903 1209 2962; x_wconf 87' lang='lat' dir='ltr'><strong>Orci</strong></span> <span class='ocrx_word' id='word_1_254' title='bbox 1238 2913 1334 2962; x_wconf 86' lang='lat' dir='ltr'><strong>mater</strong></span> <span class='ocrx_word' id='word_1_255' title='bbox 1363 2907 1428 2964; x_wconf 89' lang='lat' dir='ltr'><strong>sine</strong></span> <span class='ocrx_word' id='word_1_256' title='bbox 1458 2905 1597 2980; x_wconf 85' lang='lat' dir='ltr'><strong>exemplo</strong></span> <span class='ocrx_word' id='word_1_257' title='bbox 1624 2911 1673 2963; x_wconf 91' lang='lat' dir='ltr'><strong>est</strong></span> <span class='ocrx_word' id='word_1_258' title='bbox 1693 2921 1751 2963; x_wconf 90' lang='lat' dir='ltr'><strong>nec</strong></span> <span class='ocrx_word' id='word_1_259' title='bbox 1772 2901 1892 2963; x_wconf 89' lang='lat' dir='ltr'><strong>facilem</strong></span> <span class='ocrx_word' id='word_1_260' title='bbox 1913 2899 2038 2962; x_wconf 84' lang='lat' dir='ltr'><strong>admittit</strong></span> 
     </span>
     <span class='ocr_line' id='line_1_25' title="bbox 440 2989 2039 3080; baseline -0.001 -20"><span class='ocrx_word' id='word_1_261' title='bbox 440 2999 681 3080; x_wconf 88' lang='lat' dir='ltr'><strong>explicationem.</strong></span> <span class='ocrx_word' id='word_1_262' title='bbox 715 2995 820 3074; x_wconf 76' lang='lat' dir='ltr'><strong>,Quae</strong></span> <span class='ocrx_word' id='word_1_263' title='bbox 835 2991 916 3055; x_wconf 87' lang='lat' dir='ltr'><strong>Orco</strong></span> <span class='ocrx_word' id='word_1_264' title='bbox 939 2995 1073 3056; x_wconf 88' lang='lat' dir='ltr'><strong>subolem</strong></span> <span class='ocrx_word' id='word_1_265' title='bbox 1095 2998 1194 3076; x_wconf 82' lang='lat' dir='ltr'><strong>parit“</strong></span> <span class='ocrx_word' id='word_1_266' title='bbox 1218 2999 1432 3076; x_wconf 88' lang='lat' dir='ltr'><strong>interpretatur</strong></span> <span class='ocrx_word' id='word_1_267' title='bbox 1446 2997 1495 3059; x_wconf 87' lang='lat' dir='ltr'><strong>Fr.</strong></span> <span class='ocrx_word' id='word_1_268' title='bbox 1511 2997 1717 3074; x_wconf 84' lang='lat' dir='ltr'><strong>Thierschius,</strong></span> <span class='ocrx_word' id='word_1_269' title='bbox 1739 2999 1820 3078; x_wconf 87' lang='lat' dir='ltr'><strong>qnod</strong></span> <span class='ocrx_word' id='word_1_270' title='bbox 1834 2989 1940 3060; x_wconf 89' lang='lat' dir='ltr'><strong>verum</strong></span> <span class='ocrx_word' id='word_1_271' title='bbox 1955 3003 2039 3060; x_wconf 90' lang='lat' dir='ltr'><strong>esset</strong></span> 
     </span>
     <span class='ocr_line' id='line_1_26' title="bbox 435 3091 2037 3178; baseline -0.002 -18"><span class='ocrx_word' id='word_1_272' title='bbox 435 3102 460 3161; x_wconf 94' lang='lat' dir='ltr'><strong>si</strong></span> <span class='ocrx_word' id='word_1_273' title='bbox 482 3117 523 3160; x_wconf 86' lang='lat' dir='ltr'><strong>ex</strong></span> <span class='ocrx_word' id='word_1_274' title='bbox 545 3116 580 3158; x_wconf 89' lang='lat' dir='ltr'><strong>se</strong></span> <span class='ocrx_word' id='word_1_275' title='bbox 602 3104 689 3158; x_wconf 91' lang='lat' dir='ltr'><strong>natos</strong></span> <span class='ocrx_word' id='word_1_276' title='bbox 713 3092 884 3167; x_wconf 90' lang='lat' dir='ltr'><strong>occideret;</strong></span> <span class='ocrx_word' id='word_1_277' title='bbox 913 3101 1074 3172; x_wconf 89' lang='lat' dir='ltr'><strong>praeterea</strong></span> <span class='ocrx_word' id='word_1_278' title='bbox 1088 3091 1187 3176; x_wconf 57' lang='grc' dir='ltr'><em>(Ἀιθη</em></span> <span class='ocrx_word' id='word_1_279' title='bbox 1214 3094 1406 3157; x_wconf 85' lang='lat' dir='ltr'><strong>scribendum</strong></span> <span class='ocrx_word' id='word_1_280' title='bbox 1428 3102 1520 3157; x_wconf 88' lang='lat' dir='ltr'><strong>esset.</strong></span> <span class='ocrx_word' id='word_1_281' title='bbox 1564 3094 1646 3158; x_wconf 91' lang='lat' dir='ltr'><strong>idem</strong></span> <span class='ocrx_word' id='word_1_282' title='bbox 1674 3096 1755 3157; x_wconf 85' lang='lat' dir='ltr'><strong>valet</strong></span> <span class='ocrx_word' id='word_1_283' title='bbox 1776 3097 1802 3158; x_wconf 90' lang='lat' dir='ltr'><strong>si</strong></span> <span class='ocrx_word' id='word_1_284' title='bbox 1823 3114 1891 3157; x_wconf 89' lang='lat' dir='ltr'><strong>cnm</strong></span> <span class='ocrx_word' id='word_1_285' title='bbox 1911 3095 2037 3178; x_wconf 77' lang='lat' dir='ltr'><strong>Engero</strong></span> 
     </span>
     <span class='ocr_line' id='line_1_27' title="bbox 436 3191 2037 3275; baseline -0.003 -16"><span class='ocrx_word' id='word_1_286' title='bbox 436 3198 541 3274; x_wconf 80' lang='lat' dir='ltr'><strong>,Quae</strong></span> <span class='ocrx_word' id='word_1_287' title='bbox 565 3193 647 3257; x_wconf 86' lang='lat' dir='ltr'><strong>Orco</strong></span> <span class='ocrx_word' id='word_1_288' title='bbox 676 3193 845 3275; x_wconf 84' lang='lat' dir='ltr'><strong>prospicit“</strong></span> <span class='ocrx_word' id='word_1_289' title='bbox 867 3193 1086 3272; x_wconf 85' lang='lat' dir='ltr'><strong>interpreteris.</strong></span> <span class='ocrx_word' id='word_1_290' title='bbox 1130 3191 1224 3254; x_wconf 86' lang='lat' dir='ltr'><strong>Porro</strong></span> <span class='ocrx_word' id='word_1_291' title='bbox 1247 3193 1351 3272; x_wconf 73' lang='lat' dir='ltr'><strong>,Ouiae</strong></span> <span class='ocrx_word' id='word_1_292' title='bbox 1373 3194 1476 3256; x_wconf 87' lang='lat' dir='ltr'><strong>liberis</strong></span> <span class='ocrx_word' id='word_1_293' title='bbox 1498 3197 1560 3256; x_wconf 87' lang='lat' dir='ltr'><strong>suis</strong></span> <span class='ocrx_word' id='word_1_294' title='bbox 1581 3210 1691 3256; x_wconf 89' lang='lat' dir='ltr'><strong>necem</strong></span> <span class='ocrx_word' id='word_1_295' title='bbox 1711 3195 1819 3275; x_wconf 85' lang='lat' dir='ltr'><strong>parat“</strong></span> <span class='ocrx_word' id='word_1_296' title='bbox 1850 3193 1953 3256; x_wconf 87' lang='lat' dir='ltr'><strong>dicore</strong></span> <span class='ocrx_word' id='word_1_297' title='bbox 1974 3210 2037 3254; x_wconf 89' lang='lat' dir='ltr'><strong>non</strong></span> 
     </span>
     <span class='ocr_line' id='line_1_28' title="bbox 436 3289 2036 3377; baseline -0.004 -19"><span class='ocrx_word' id='word_1_298' title='bbox 436 3299 520 3374; x_wconf 90' lang='lat' dir='ltr'><strong>licet,</strong></span> <span class='ocrx_word' id='word_1_299' title='bbox 542 3298 611 3377; x_wconf 88' lang='lat' dir='ltr'><strong>quia</strong></span> <span class='ocrx_word' id='word_1_300' title='bbox 633 3294 711 3376; x_wconf 87' lang='lat' dir='ltr'><strong>apud</strong></span> <span class='ocrx_word' id='word_1_301' title='bbox 732 3293 916 3374; x_wconf 79' lang='lat' dir='ltr'><strong>Aeschylum</strong></span> <span class='ocrx_word' id='word_1_302' title='bbox 938 3289 1039 3353; x_wconf 89' lang='lat' dir='ltr'><strong>Oresti</strong></span> <span class='ocrx_word' id='word_1_303' title='bbox 1061 3307 1123 3352; x_wconf 95' lang='lat' dir='ltr'><strong>non</strong></span> <span class='ocrx_word' id='word_1_304' title='bbox 1143 3289 1298 3353; x_wconf 84' lang='lat' dir='ltr'><strong>insidiatur</strong></span> <span class='ocrx_word' id='word_1_305' title='bbox 1319 3299 1350 3352; x_wconf 93' lang='lat' dir='ltr'><strong>nt</strong></span> <span class='ocrx_word' id='word_1_306' title='bbox 1372 3291 1451 3372; x_wconf 91' lang='lat' dir='ltr'><strong>apud</strong></span> <span class='ocrx_word' id='word_1_307' title='bbox 1465 3291 1644 3374; x_wconf 81' lang='lat' dir='ltr'><strong>Sophoclem</strong></span> <span class='ocrx_word' id='word_1_308' title='bbox 1667 3296 1697 3354; x_wconf 91' lang='lat' dir='ltr'><strong>in</strong></span> <span class='ocrx_word' id='word_1_309' title='bbox 1712 3293 1844 3355; x_wconf 89' lang='lat' dir='ltr'><strong>Electra.</strong></span> <span class='ocrx_word' id='word_1_310' title='bbox 1881 3293 2036 3354; x_wconf 82' lang='lat' dir='ltr'><strong>Translate</strong></span> 
     </span>
     <span class='ocr_line' id='line_1_29' title="bbox 435 3387 2038 3472; baseline -0.004 -14"><span class='ocrx_word' id='word_1_311' title='bbox 435 3416 502 3460; x_wconf 90' lang='lat' dir='ltr'><strong>cum</strong></span> <span class='ocrx_word' id='word_1_312' title='bbox 525 3395 658 3457; x_wconf 89' lang='lat' dir='ltr'><strong>Stanleio</strong></span> <span class='ocrx_word' id='word_1_313' title='bbox 679 3393 714 3455; x_wconf 85' lang='lat' dir='ltr'><strong>G.</strong></span> <span class='ocrx_word' id='word_1_314' title='bbox 736 3392 928 3455; x_wconf 76' lang='lat' dir='ltr'><strong>hermannus</strong></span> <span class='ocrx_word' id='word_1_315' title='bbox 956 3389 1094 3472; x_wconf 80' lang='lat' dir='ltr'><strong>intelligit</strong></span> <span class='ocrx_word' id='word_1_316' title='bbox 1120 3387 1296 3468; x_wconf 84' lang='lat' dir='ltr'><strong>,furentem</strong></span> <span class='ocrx_word' id='word_1_317' title='bbox 1323 3392 1408 3452; x_wconf 89' lang='lat' dir='ltr'><strong>necis</strong></span> <span class='ocrx_word' id='word_1_318' title='bbox 1436 3398 1561 3452; x_wconf 91' lang='lat' dir='ltr'><strong>matrem</strong></span> <span class='ocrx_word' id='word_1_319' title='bbox 1569 3392 1596 3466; x_wconf 76' lang='lat'><strong>⁴⁶,</strong></span> <span class='ocrx_word' id='word_1_320' title='bbox 1626 3408 1685 3452; x_wconf 88' lang='lat' dir='ltr'><strong>nec</strong></span> <span class='ocrx_word' id='word_1_321' title='bbox 1715 3398 1815 3453; x_wconf 89' lang='lat' dir='ltr'><strong>tamen</strong></span> <span class='ocrx_word' id='word_1_322' title='bbox 1844 3409 1923 3472; x_wconf 81' lang='lat' dir='ltr'><strong>qnae</strong></span> <span class='ocrx_word' id='word_1_323' title='bbox 1949 3388 2038 3451; x_wconf 85' lang='lat' dir='ltr'><strong>affert</strong></span> 
     </span>
     <span class='ocr_line' id='line_1_30' title="bbox 436 3487 2036 3573; baseline -0.004 -17"><span class='ocrx_word' id='word_1_324' title='bbox 436 3495 523 3556; x_wconf 91' lang='lat' dir='ltr'><strong>huius</strong></span> <span class='ocrx_word' id='word_1_325' title='bbox 552 3493 745 3573; x_wconf 86' lang='lat' dir='ltr'><strong>metaphorae</strong></span> <span class='ocrx_word' id='word_1_326' title='bbox 774 3491 913 3572; x_wconf 86' lang='lat' dir='ltr'><strong>exempla</strong></span> <span class='ocrx_word' id='word_1_327' title='bbox 940 3490 1013 3552; x_wconf 86' lang='lat' dir='ltr'><strong>Eur.</strong></span> <span class='ocrx_word' id='word_1_328' title='bbox 1042 3488 1151 3551; x_wconf 82' lang='lat' dir='ltr'><strong>Troad.</strong></span> <span class='ocrx_word' id='word_1_329' title='bbox 1184 3490 1279 3565; x_wconf 77' lang='lat'><strong>1229,</strong></span> <span class='ocrx_word' id='word_1_330' title='bbox 1310 3487 1360 3549; x_wconf 91' lang='lat' dir='ltr'><strong>uhi</strong></span> <span class='ocrx_word' id='word_1_331' title='bbox 1389 3488 1531 3551; x_wconf 88' lang='lat' dir='ltr'><strong>Hectoris</strong></span> <span class='ocrx_word' id='word_1_332' title='bbox 1561 3495 1677 3552; x_wconf 89' lang='lat' dir='ltr'><strong>scutum</strong></span> <span class='ocrx_word' id='word_1_333' title='bbox 1705 3491 1899 3552; x_wconf 74' lang='lat' dir='ltr'><strong>victoriarum</strong></span> <span class='ocrx_word' id='word_1_334' title='bbox 1927 3496 2036 3565; x_wconf 88' lang='lat' dir='ltr'><strong>mater,</strong></span> 
     </span>
     <span class='ocr_line' id='line_1_31' title="bbox 435 3580 2036 3673; baseline -0.002 -19"><span class='ocrx_word' id='word_1_335' title='bbox 435 3591 548 3654; x_wconf 78' lang='lat' dir='ltr'><strong>Aesch.</strong></span> <span class='ocrx_word' id='word_1_336' title='bbox 561 3590 642 3670; x_wconf 89' lang='lat' dir='ltr'><strong>Sept.</strong></span> <span class='ocrx_word' id='word_1_337' title='bbox 656 3590 752 3666; x_wconf 72' lang='lat'><strong>1207,</strong></span> <span class='ocrx_word' id='word_1_338' title='bbox 775 3589 825 3650; x_wconf 93' lang='lat' dir='ltr'><strong>uhi</strong></span> <span class='ocrx_word' id='word_1_339' title='bbox 847 3585 1042 3673; x_wconf 71' lang='grc' dir='ltr'><em>πειθαρχία</em></span> <span class='ocrx_word' id='word_1_340' title='bbox 1055 3586 1163 3649; x_wconf 90' lang='lat' dir='ltr'><strong>dicitur</strong></span> <span class='ocrx_word' id='word_1_341' title='bbox 1177 3580 1370 3667; x_wconf 78' lang='grc' dir='ltr'><em>εὐπραξίας</em></span> <span class='ocrx_word' id='word_1_342' title='bbox 1383 3583 1513 3670; x_wconf 84' lang='grc' dir='ltr'><em>μήτηρ,</em></span> <span class='ocrx_word' id='word_1_343' title='bbox 1533 3587 1616 3650; x_wconf 82' lang='grc' dir='ltr'><em>Ρστε.</em></span> <span class='ocrx_word' id='word_1_344' title='bbox 1630 3590 1703 3664; x_wconf 80' lang='lat' dir='ltr'><strong>ott,</strong></span> <span class='ocrx_word' id='word_1_345' title='bbox 1726 3591 1815 3667; x_wconf 84' lang='lat' dir='ltr'><strong>„vitis</strong></span> <span class='ocrx_word' id='word_1_346' title='bbox 1830 3590 1891 3650; x_wconf 82' lang='lat' dir='ltr'><strong>vini</strong></span> <span class='ocrx_word' id='word_1_347' title='bbox 1906 3590 2036 3665; x_wconf 83' lang='lat' dir='ltr'><strong>mater“,</strong></span> 
     </span>
     <span class='ocr_line' id='line_1_32' title="bbox 395 3684 2036 3770; baseline -0.003 -18"><span class='ocrx_word' id='word_1_348' title='bbox 395 3705 400 3715; x_wconf 90' lang='lat'><strong>·</strong></span> <span class='ocrx_word' id='word_1_349' title='bbox 437 3690 474 3752; x_wconf 92' lang='lat' dir='ltr'><strong>ad</strong></span> <span class='ocrx_word' id='word_1_350' title='bbox 495 3687 718 3752; x_wconf 81' lang='lat' dir='ltr'><strong>defendendam</strong></span> <span class='ocrx_word' id='word_1_351' title='bbox 740 3688 890 3770; x_wconf 84' lang='lat' dir='ltr'><strong>vulgatam</strong></span> <span class='ocrx_word' id='word_1_352' title='bbox 912 3684 1070 3748; x_wconf 86' lang='lat' dir='ltr'><strong>sufiiciunt.</strong></span> <span class='ocrx_word' id='word_1_353' title='bbox 1104 3685 1178 3747; x_wconf 89' lang='lat' dir='ltr'><strong>Nam</strong></span> <span class='ocrx_word' id='word_1_354' title='bbox 1199 3685 1316 3747; x_wconf 87' lang='lat' dir='ltr'><strong>illomm</strong></span> <span class='ocrx_word' id='word_1_355' title='bbox 1337 3685 1473 3747; x_wconf 89' lang='lat' dir='ltr'><strong>locorum</strong></span> <span class='ocrx_word' id='word_1_356' title='bbox 1487 3693 1518 3747; x_wconf 93' lang='lat' dir='ltr'><strong>nt</strong></span> <span class='ocrx_word' id='word_1_357' title='bbox 1533 3686 1699 3764; x_wconf 88' lang='lat' dir='ltr'><strong>lenissima,</strong></span> <span class='ocrx_word' id='word_1_358' title='bbox 1721 3690 1760 3749; x_wconf 90' lang='lat' dir='ltr'><strong>ita</strong></span> <span class='ocrx_word' id='word_1_359' title='bbox 1774 3687 1862 3750; x_wconf 89' lang='lat' dir='ltr'><strong>huius</strong></span> <span class='ocrx_word' id='word_1_360' title='bbox 1876 3685 2036 3748; x_wconf 82' lang='lat' dir='ltr'><strong>dmissima</strong></span> 
     </span>
     <span class='ocr_line' id='line_1_33' title="bbox 438 3783 2035 3868; baseline -0.003 -16"><span class='ocrx_word' id='word_1_361' title='bbox 438 3798 469 3852; x_wconf 89' lang='lat' dir='ltr'><strong>et</strong></span> <span class='ocrx_word' id='word_1_362' title='bbox 490 3787 688 3851; x_wconf 90' lang='lat' dir='ltr'><strong>audacissima</strong></span> <span class='ocrx_word' id='word_1_363' title='bbox 710 3795 757 3849; x_wconf 91' lang='lat' dir='ltr'><strong>est</strong></span> <span class='ocrx_word' id='word_1_364' title='bbox 781 3786 945 3848; x_wconf 75' lang='lat' dir='ltr'><strong>uanshtio.</strong></span> <span class='ocrx_word' id='word_1_365' title='bbox 977 3784 1089 3846; x_wconf 89' lang='lat' dir='ltr'><strong>Verum</strong></span> <span class='ocrx_word' id='word_1_366' title='bbox 1111 3803 1202 3866; x_wconf 86' lang='lat' dir='ltr'><strong>quum</strong></span> <span class='ocrx_word' id='word_1_367' title='bbox 1223 3785 1329 3846; x_wconf 90' lang='lat' dir='ltr'><strong>marito</strong></span> <span class='ocrx_word' id='word_1_368' title='bbox 1351 3791 1382 3845; x_wconf 91' lang='lat' dir='ltr'><strong>ct</strong></span> <span class='ocrx_word' id='word_1_369' title='bbox 1402 3783 1590 3848; x_wconf 78' lang='lat' dir='ltr'><strong>Cassandrae</strong></span> <span class='ocrx_word' id='word_1_370' title='bbox 1611 3795 1738 3849; x_wconf 88' lang='lat' dir='ltr'><strong>mortem</strong></span> <span class='ocrx_word' id='word_1_371' title='bbox 1759 3794 1860 3868; x_wconf 91' lang='lat' dir='ltr'><strong>paret,</strong></span> <span class='ocrx_word' id='word_1_372' title='bbox 1881 3785 1954 3848; x_wconf 88' lang='lat' dir='ltr'><strong>Orci</strong></span> <span class='ocrx_word' id='word_1_373' title='bbox 1975 3787 2035 3847; x_wconf 92' lang='lat' dir='ltr'><strong>mi-</strong></span> 
     </span>
     <span class='ocr_line' id='line_1_34' title="bbox 438 3881 2035 3964; baseline -0.004 -13"><span class='ocrx_word' id='word_1_374' title='bbox 438 3890 532 3951; x_wconf 87' lang='lat' dir='ltr'><strong>nistra</strong></span> <span class='ocrx_word' id='word_1_375' title='bbox 553 3887 605 3948; x_wconf 85' lang='lat' dir='ltr'><strong>vel</strong></span> <span class='ocrx_word' id='word_1_376' title='bbox 625 3885 735 3948; x_wconf 90' lang='lat' dir='ltr'><strong>artifex</strong></span> <span class='ocrx_word' id='word_1_377' title='bbox 749 3884 878 3948; x_wconf 91' lang='lat' dir='ltr'><strong>dicenda</strong></span> <span class='ocrx_word' id='word_1_378' title='bbox 893 3891 973 3958; x_wconf 83' lang='lat' dir='ltr'><strong>erat3</strong></span> <span class='ocrx_word' id='word_1_379' title='bbox 995 3901 1090 3964; x_wconf 85' lang='lat' dir='ltr'><strong>quare</strong></span> <span class='ocrx_word' id='word_1_380' title='bbox 1105 3882 1295 3960; x_wconf 88' lang='lat' dir='ltr'><strong>audebimus,</strong></span> <span class='ocrx_word' id='word_1_381' title='bbox 1318 3881 1388 3944; x_wconf 87' lang='lat' dir='ltr'><strong>dnm</strong></span> <span class='ocrx_word' id='word_1_382' title='bbox 1402 3882 1508 3946; x_wconf 88' lang='lat' dir='ltr'><strong>melius</strong></span> <span class='ocrx_word' id='word_1_383' title='bbox 1523 3886 1677 3948; x_wconf 87' lang='lat' dir='ltr'><strong>inventum</strong></span> <span class='ocrx_word' id='word_1_384' title='bbox 1692 3887 1743 3963; x_wconf 90' lang='lat' dir='ltr'><strong>sit,</strong></span> <span class='ocrx_word' id='word_1_385' title='bbox 1756 3882 1875 3948; x_wconf 73' lang='grc' dir='ltr'><em>Ἅιδου</em></span> <span class='ocrx_word' id='word_1_386' title='bbox 1887 3884 2035 3948; x_wconf 76' lang='grc' dir='ltr'><em>τέκτονα.</em></span> 
     </span>
    </p>

    <p class='ocr_par' dir='ltr' id='par_1_6' title="bbox 435 3979 2036 4460">
     <span class='ocr_line' id='line_1_35' title="bbox 520 3979 2035 4068; baseline -0.003 -21"><span class='ocrx_word' id='word_1_387' title='bbox 520 3986 610 4048; x_wconf 78' lang='grc'><strong>12115.</strong></span> <span class='ocrx_word' id='word_1_388' title='bbox 644 3983 703 4048; x_wconf 83' lang='grc' dir='ltr'><strong>καί</strong></span> <span class='ocrx_word' id='word_1_389' title='bbox 724 3981 769 4048; x_wconf 91' lang='grc' dir='ltr'><strong>σύ</strong></span> <span class='ocrx_word' id='word_1_390' title='bbox 789 3983 821 4068; x_wconf 83' lang='grc' dir='ltr'><strong>μ’</strong></span> <span class='ocrx_word' id='word_1_391' title='bbox 845 3985 881 4047; x_wconf 81' lang='grc' dir='ltr'><em>ἐν</em></span> <span class='ocrx_word' id='word_1_392' title='bbox 902 3981 1000 4068; x_wconf 85' lang='grc' dir='ltr'><em>τάχει</em></span> <span class='ocrx_word' id='word_1_393' title='bbox 1020 3982 1142 4064; x_wconf 83' lang='grc' dir='ltr'><em>παρὼν</em></span> <span class='ocrx_word' id='word_1_394' title='bbox 1163 3981 1250 4066; x_wconf 81' lang='grc' dir='ltr'><em>ἄγαν</em></span> <span class='ocrx_word' id='word_1_395' title='bbox 1269 3979 1502 4066; x_wconf 82' lang='grc' dir='ltr'><em>ἀληθόμαντιν</em></span> <span class='ocrx_word' id='word_1_396' title='bbox 1516 3983 1686 4064; x_wconf 72' lang='grc' dir='ltr'><em>οἰκτείρας</em></span> <span class='ocrx_word' id='word_1_397' title='bbox 1701 3985 1803 4064; x_wconf 79' lang='grc' dir='ltr'><em>ἐρεῖς.</em></span> <span class='ocrx_word' id='word_1_398' title='bbox 1834 3981 2035 4064; x_wconf 87' lang='lat' dir='ltr'><strong>iampridem,</strong></span> 
     </span>
     <span class='ocr_line' id='line_1_36' title="bbox 436 4079 2036 4167; baseline -0.001 -21"><span class='ocrx_word' id='word_1_399' title='bbox 436 4101 528 4165; x_wconf 63' lang='lat' dir='ltr'><strong>mom</strong></span> <span class='ocrx_word' id='word_1_400' title='bbox 555 4079 600 4148; x_wconf 92' lang='grc' dir='ltr'><strong>σύ</strong></span> <span class='ocrx_word' id='word_1_401' title='bbox 625 4081 732 4146; x_wconf 92' lang='lat' dir='ltr'><strong>fortius</strong></span> <span class='ocrx_word' id='word_1_402' title='bbox 756 4080 1016 4164; x_wconf 90' lang='lat' dir='ltr'><strong>pronunciandum</strong></span> <span class='ocrx_word' id='word_1_403' title='bbox 1036 4081 1188 4160; x_wconf 88' lang='lat' dir='ltr'><strong>viderem,</strong></span> <span class='ocrx_word' id='word_1_404' title='bbox 1215 4083 1408 4144; x_wconf 86' lang='lat' dir='ltr'><strong>confeceram</strong></span> <span class='ocrx_word' id='word_1_405' title='bbox 1429 4079 1490 4146; x_wconf 83' lang='grc' dir='ltr'><strong>καὶ</strong></span> <span class='ocrx_word' id='word_1_406' title='bbox 1511 4081 1556 4146; x_wconf 84' lang='grc' dir='ltr'><strong>σὺ</strong></span> <span class='ocrx_word' id='word_1_407' title='bbox 1577 4079 1606 4145; x_wconf 78' lang='lat' dir='ltr'><strong>d&#39;</strong></span> <span class='ocrx_word' id='word_1_408' title='bbox 1631 4085 1667 4146; x_wconf 78' lang='grc' dir='ltr'><em>ἐν</em></span> <span class='ocrx_word' id='word_1_409' title='bbox 1687 4081 1786 4167; x_wconf 84' lang='grc' dir='ltr'><em>τάχτι</em></span> <span class='ocrx_word' id='word_1_410' title='bbox 1806 4081 1927 4164; x_wconf 85' lang='grc' dir='ltr'><em>παρὼν</em></span> <span class='ocrx_word' id='word_1_411' title='bbox 1949 4079 2036 4163; x_wconf 82' lang='grc' dir='ltr'><em>ἄγαν</em></span> 
     </span>
     <span class='ocr_line' id='line_1_37' title="bbox 435 4177 2035 4266; baseline -0.004 -20"><span class='ocrx_word' id='word_1_412' title='bbox 435 4181 460 4265; x_wconf 80' lang='grc' dir='ltr'><strong>γ’</strong></span> <span class='ocrx_word' id='word_1_413' title='bbox 487 4177 718 4266; x_wconf 83' lang='grc' dir='ltr'><em>ἀληθόμαντιν</em></span> <span class='ocrx_word' id='word_1_414' title='bbox 739 4178 910 4261; x_wconf 82' lang='grc' dir='ltr'><em>οίκτείρας</em></span> <span class='ocrx_word' id='word_1_415' title='bbox 931 4178 963 4264; x_wconf 83' lang='grc' dir='ltr'><strong>μ’</strong></span> <span class='ocrx_word' id='word_1_416' title='bbox 989 4180 1095 4260; x_wconf 81' lang='grc' dir='ltr'><em>ἐρεῖς,</em></span> <span class='ocrx_word' id='word_1_417' title='bbox 1116 4188 1149 4242; x_wconf 91' lang='lat' dir='ltr'><strong>ut</strong></span> <span class='ocrx_word' id='word_1_418' title='bbox 1169 4201 1212 4264; x_wconf 82' lang='grc' dir='ltr'><strong>με</strong></span> <span class='ocrx_word' id='word_1_419' title='bbox 1233 4199 1274 4243; x_wconf 86' lang='lat' dir='ltr'><strong>ex</strong></span> <span class='ocrx_word' id='word_1_420' title='bbox 1295 4181 1387 4261; x_wconf 76' lang='grc' dir='ltr'><em>ἐρεῖς</em></span> <span class='ocrx_word' id='word_1_421' title='bbox 1409 4188 1494 4243; x_wconf 87' lang='lat' dir='ltr'><strong>etex</strong></span> <span class='ocrx_word' id='word_1_422' title='bbox 1508 4179 1679 4262; x_wconf 72' lang='grc' dir='ltr'><em>οἰκτείρας</em></span> <span class='ocrx_word' id='word_1_423' title='bbox 1694 4180 1852 4262; x_wconf 84' lang='lat' dir='ltr'><strong>penderet</strong></span> <span class='ocrx_word' id='word_1_424' title='bbox 1883 4179 1921 4242; x_wconf 84' lang='lat' dir='ltr'><strong>Et</strong></span> <span class='ocrx_word' id='word_1_425' title='bbox 1933 4180 1965 4241; x_wconf 91' lang='lat' dir='ltr'><strong>in</strong></span> <span class='ocrx_word' id='word_1_426' title='bbox 1979 4177 2035 4240; x_wconf 89' lang='lat' dir='ltr'><strong>hac</strong></span> 
     </span>
     <span class='ocr_line' id='line_1_38' title="bbox 437 4277 2034 4363; baseline -0.001 -23"><span class='ocrx_word' id='word_1_427' title='bbox 437 4299 472 4340; x_wconf 89' lang='lat' dir='ltr'><strong>re</strong></span> <span class='ocrx_word' id='word_1_428' title='bbox 495 4287 600 4359; x_wconf 91' lang='lat' dir='ltr'><strong>postea</strong></span> <span class='ocrx_word' id='word_1_429' title='bbox 621 4279 813 4340; x_wconf 90' lang='lat' dir='ltr'><strong>confirmatus</strong></span> <span class='ocrx_word' id='word_1_430' title='bbox 834 4297 900 4340; x_wconf 89' lang='lat' dir='ltr'><strong>sum</strong></span> <span class='ocrx_word' id='word_1_431' title='bbox 921 4295 938 4340; x_wconf 90' lang='lat' dir='ltr'><strong>a</strong></span> <span class='ocrx_word' id='word_1_432' title='bbox 960 4277 1136 4340; x_wconf 89' lang='lat' dir='ltr'><strong>&#39;fhierschio</strong></span> <span class='ocrx_word' id='word_1_433' title='bbox 1158 4280 1227 4341; x_wconf 65' lang='lat' dir='ltr'><strong>imm</strong></span> <span class='ocrx_word' id='word_1_434' title='bbox 1249 4278 1281 4363; x_wconf 81' lang='grc' dir='ltr'><strong>μ’</strong></span> <span class='ocrx_word' id='word_1_435' title='bbox 1305 4279 1397 4360; x_wconf 77' lang='grc' dir='ltr'><em>ἐρεῖς</em></span> <span class='ocrx_word' id='word_1_436' title='bbox 1420 4279 1586 4355; x_wconf 83' lang='lat' dir='ltr'><strong>scribente,</strong></span> <span class='ocrx_word' id='word_1_437' title='bbox 1609 4281 1666 4341; x_wconf 91' lang='lat' dir='ltr'><strong>nisi</strong></span> <span class='ocrx_word' id='word_1_438' title='bbox 1688 4278 1838 4359; x_wconf 82' lang='lat' dir='ltr'><strong>quoditie</strong></span> <span class='ocrx_word' id='word_1_439' title='bbox 1860 4279 1908 4340; x_wconf 85' lang='lat' dir='ltr'><strong>vir</strong></span> <span class='ocrx_word' id='word_1_440' title='bbox 1929 4277 2034 4339; x_wconf 90' lang='lat' dir='ltr'><strong>doctus</strong></span> 
     </span>
     <span class='ocr_line' id='line_1_39' title="bbox 438 4375 1427 4460; baseline 0.002 -22"><span class='ocrx_word' id='word_1_441' title='bbox 438 4381 469 4439; x_wconf 90' lang='lat' dir='ltr'><strong>in</strong></span> <span class='ocrx_word' id='word_1_442' title='bbox 491 4377 604 4438; x_wconf 86' lang='lat' dir='ltr'><strong>Comm.</strong></span> <span class='ocrx_word' id='word_1_443' title='bbox 626 4376 665 4439; x_wconf 90' lang='lat' dir='ltr'><strong>de</strong></span> <span class='ocrx_word' id='word_1_444' title='bbox 687 4377 764 4440; x_wconf 92' lang='lat' dir='ltr'><strong>anal.</strong></span> <span class='ocrx_word' id='word_1_445' title='bbox 786 4395 814 4458; x_wconf 94' lang='lat' dir='ltr'><strong>p.</strong></span> <span class='ocrx_word' id='word_1_446' title='bbox 837 4377 1053 4460; x_wconf 71' lang='lat' dir='ltr'><strong>coangelum</strong></span> <span class='ocrx_word' id='word_1_447' title='bbox 1074 4375 1133 4440; x_wconf 85' lang='grc' dir='ltr'><strong>καὶ</strong></span> <span class='ocrx_word' id='word_1_448' title='bbox 1153 4376 1198 4440; x_wconf 83' lang='grc' dir='ltr'><strong>σὺ</strong></span> <span class='ocrx_word' id='word_1_449' title='bbox 1216 4375 1286 4460; x_wconf 83' lang='grc' dir='ltr'><em>μήν</em></span> <span class='ocrx_word' id='word_1_450' title='bbox 1306 4379 1427 4440; x_wconf 88' lang='lat' dir='ltr'><strong>retinet.</strong></span> 
     </span>
    </p>

    <p class='ocr_par' dir='ltr' id='par_1_7' title="bbox 436 4472 2035 4856">
     <span class='ocr_line' id='line_1_40' title="bbox 522 4472 2035 4560; baseline -0.003 -22"><span class='ocrx_word' id='word_1_451' title='bbox 522 4477 612 4538; x_wconf 78' lang='lat'><strong>1215.</strong></span> <span class='ocrx_word' id='word_1_452' title='bbox 648 4476 746 4549; x_wconf 85' lang='lat' dir='ltr'><strong>Quum</strong></span> <span class='ocrx_word' id='word_1_453' title='bbox 767 4475 883 4538; x_wconf 86' lang='lat' dir='ltr'><strong>Chorus</strong></span> <span class='ocrx_word' id='word_1_454' title='bbox 904 4475 1030 4538; x_wconf 83' lang='lat' dir='ltr'><strong>dixisset</strong></span> <span class='ocrx_word' id='word_1_455' title='bbox 1052 4474 1141 4540; x_wconf 77' lang='grc' dir='ltr'><strong>ἀλλά</strong></span> <span class='ocrx_word' id='word_1_456' title='bbox 1161 4474 1210 4560; x_wconf 83' lang='grc' dir='ltr'><strong>μὴ</strong></span> <span class='ocrx_word' id='word_1_457' title='bbox 1232 4473 1359 4557; x_wconf 82' lang='grc' dir='ltr'><em>γένοιτό</em></span> <span class='ocrx_word' id='word_1_458' title='bbox 1381 4497 1470 4555; x_wconf 84' lang='grc' dir='ltr'><em>πως,</em></span> <span class='ocrx_word' id='word_1_459' title='bbox 1492 4493 1553 4537; x_wconf 91' lang='lat' dir='ltr'><strong>non</strong></span> <span class='ocrx_word' id='word_1_460' title='bbox 1574 4482 1646 4557; x_wconf 92' lang='lat' dir='ltr'><strong>puto</strong></span> <span class='ocrx_word' id='word_1_461' title='bbox 1660 4483 1745 4538; x_wconf 89' lang='lat' dir='ltr'><strong>recte</strong></span> <span class='ocrx_word' id='word_1_462' title='bbox 1761 4493 1795 4537; x_wconf 88' lang='lat' dir='ltr'><strong>se</strong></span> <span class='ocrx_word' id='word_1_463' title='bbox 1810 4473 1925 4536; x_wconf 88' lang='lat' dir='ltr'><strong>hahere</strong></span> <span class='ocrx_word' id='word_1_464' title='bbox 1940 4472 2035 4534; x_wconf 86' lang='lat' dir='ltr'><strong>verha</strong></span> 
     </span>
     <span class='ocr_line' id='line_1_41' title="bbox 438 4570 2034 4660; baseline -0.003 -25"><span class='ocrx_word' id='word_1_465' title='bbox 438 4574 626 4638; x_wconf 86' lang='lat' dir='ltr'><strong>Cassandrae</strong></span> <span class='ocrx_word' id='word_1_466' title='bbox 649 4573 693 4639; x_wconf 84' lang='grc' dir='ltr'><strong>σὺ</strong></span> <span class='ocrx_word' id='word_1_467' title='bbox 713 4572 777 4660; x_wconf 86' lang='grc' dir='ltr'><em>μὲν</em></span> <span class='ocrx_word' id='word_1_468' title='bbox 796 4570 972 4658; x_wconf 82' lang='grc' dir='ltr'><em>κατεύχει,</em></span> <span class='ocrx_word' id='word_1_469' title='bbox 993 4573 1049 4637; x_wconf 90' lang='lat' dir='ltr'><strong>sed</strong></span> <span class='ocrx_word' id='word_1_470' title='bbox 1069 4572 1276 4648; x_wconf 60' lang='lat' dir='ltr'><strong>desideratum</strong></span> <span class='ocrx_word' id='word_1_471' title='bbox 1301 4573 1401 4652; x_wconf 86' lang='lat' dir='ltr'><strong>,llum</strong></span> <span class='ocrx_word' id='word_1_472' title='bbox 1422 4583 1453 4638; x_wconf 91' lang='lat' dir='ltr'><strong>tu</strong></span> <span class='ocrx_word' id='word_1_473' title='bbox 1475 4572 1595 4656; x_wconf 74' lang='lat' dir='ltr'><strong>qudem</strong></span> <span class='ocrx_word' id='word_1_474' title='bbox 1616 4573 1791 4655; x_wconf 87' lang='lat' dir='ltr'><strong>deprecaris</strong></span> <span class='ocrx_word' id='word_1_475' title='bbox 1812 4573 1863 4636; x_wconf 80' lang='lat' dir='ltr'><strong>ael</strong></span> <span class='ocrx_word' id='word_1_476' title='bbox 1875 4571 2034 4652; x_wconf 88' lang='lat' dir='ltr'><strong>deprecari</strong></span> 
     </span>
     <span class='ocr_line' id='line_1_42' title="bbox 438 4666 2033 4758; baseline -0.003 -23"><span class='ocrx_word' id='word_1_477' title='bbox 438 4674 510 4735; x_wconf 85' lang='lat' dir='ltr'><strong>satis</strong></span> <span class='ocrx_word' id='word_1_478' title='bbox 530 4671 639 4751; x_wconf 75' lang='lat' dir='ltr'><strong>hahes,</strong></span> <span class='ocrx_word' id='word_1_479' title='bbox 661 4671 803 4734; x_wconf 91' lang='lat' dir='ltr'><strong>occidere</strong></span> <span class='ocrx_word' id='word_1_480' title='bbox 825 4673 882 4735; x_wconf 91' lang='lat' dir='ltr'><strong>illis</strong></span> <span class='ocrx_word' id='word_1_481' title='bbox 896 4672 981 4735; x_wconf 89' lang='lat' dir='ltr'><strong>cordi</strong></span> <span class='ocrx_word' id='word_1_482' title='bbox 995 4675 1072 4736; x_wconf 82' lang='lat' dir='ltr'><strong>est.⁴‘</strong></span> <span class='ocrx_word' id='word_1_483' title='bbox 1105 4673 1208 4754; x_wconf 87' lang='lat' dir='ltr'><strong>ltaque</strong></span> <span class='ocrx_word' id='word_1_484' title='bbox 1223 4671 1435 4736; x_wconf 89' lang='lat' dir='ltr'><strong>scribendum:</strong></span> <span class='ocrx_word' id='word_1_485' title='bbox 1458 4673 1503 4737; x_wconf 84' lang='grc' dir='ltr'><em>σίν</em></span> <span class='ocrx_word' id='word_1_486' title='bbox 1523 4671 1592 4758; x_wconf 76' lang='grc' dir='ltr'><em>μὴν</em></span> <span class='ocrx_word' id='word_1_487' title='bbox 1612 4673 1663 4735; x_wconf 85' lang='lat' dir='ltr'><strong>rel</strong></span> <span class='ocrx_word' id='word_1_488' title='bbox 1685 4671 1729 4737; x_wconf 84' lang='grc' dir='ltr'><strong>ού</strong></span> <span class='ocrx_word' id='word_1_489' title='bbox 1750 4671 1812 4756; x_wconf 81' lang='grc' dir='ltr'><em>μέν</em></span> <span class='ocrx_word' id='word_1_490' title='bbox 1834 4669 1859 4750; x_wconf 77' lang='grc' dir='ltr'><strong>γ’</strong></span> <span class='ocrx_word' id='word_1_491' title='bbox 1878 4666 2033 4753; x_wconf 84' lang='grc' dir='ltr'><em>ἀπεύχετ.</em></span> 
     </span>
     <span class='ocr_line' id='line_1_43' title="bbox 436 4768 1481 4856; baseline 0 -22"><span class='ocrx_word' id='word_1_492' title='bbox 436 4769 474 4834; x_wconf 83' lang='lat' dir='ltr'><strong>Et</strong></span> <span class='ocrx_word' id='word_1_493' title='bbox 495 4773 681 4835; x_wconf 88' lang='lat' dir='ltr'><strong>notissimum</strong></span> <span class='ocrx_word' id='word_1_494' title='bbox 701 4779 748 4832; x_wconf 91' lang='lat' dir='ltr'><strong>est</strong></span> <span class='ocrx_word' id='word_1_495' title='bbox 770 4768 989 4856; x_wconf 81' lang='grc' dir='ltr'><em>ἀπεύχεσθαι</em></span> <span class='ocrx_word' id='word_1_496' title='bbox 1007 4779 1074 4853; x_wconf 91' lang='lat' dir='ltr'><strong>post</strong></span> <span class='ocrx_word' id='word_1_497' title='bbox 1095 4769 1251 4834; x_wconf 78' lang='lat' dir='ltr'><strong>formidem</strong></span> <span class='ocrx_word' id='word_1_498' title='bbox 1272 4771 1322 4856; x_wconf 78' lang='grc' dir='ltr'><strong>μὴ</strong></span> <span class='ocrx_word' id='word_1_499' title='bbox 1343 4771 1481 4854; x_wconf 81' lang='grc' dir='ltr'><em>γίνοιτο.</em></span> 
     </span>
    </p>

    <p class='ocr_par' dir='ltr' id='par_1_8' title="bbox 645 4865 1457 5053">
     <span class='ocr_line' id='line_1_44' title="bbox 645 4865 1457 4952; baseline -0.002 -20"><span class='ocrx_word' id='word_1_500' title='bbox 645 4872 734 4934; x_wconf 78' lang='lat' dir='ltr'><strong>taut.</strong></span> <span class='ocrx_word' id='word_1_501' title='bbox 766 4866 843 4932; x_wconf 83' lang='grc' dir='ltr'><em>ίδού</em></span> <span class='ocrx_word' id='word_1_502' title='bbox 864 4865 907 4944; x_wconf 76' lang='grc' dir='ltr'><strong>δ’,</strong></span> <span class='ocrx_word' id='word_1_503' title='bbox 924 4867 1096 4935; x_wconf 78' lang='grc' dir='ltr'><em>Ἁπόλλων</em></span> <span class='ocrx_word' id='word_1_504' title='bbox 1118 4867 1223 4950; x_wconf 80' lang='grc' dir='ltr'><em>αὐτὸς</em></span> <span class='ocrx_word' id='word_1_505' title='bbox 1244 4866 1376 4935; x_wconf 78' lang='grc' dir='ltr'><em>ἐκδύων</em></span> <span class='ocrx_word' id='word_1_506' title='bbox 1396 4869 1457 4952; x_wconf 80' lang='grc' dir='ltr'><strong>ἐμὲ</strong></span> 
     </span>
     <span class='ocr_line' id='line_1_45' title="bbox 765 4965 1444 5053; baseline -0.004 -21"><span class='ocrx_word' id='word_1_507' title='bbox 765 4966 981 5053; x_wconf 86' lang='grc' dir='ltr'><em>χρηστηρίαν</em></span> <span class='ocrx_word' id='word_1_508' title='bbox 1001 4968 1124 5050; x_wconf 79' lang='grc' dir='ltr'><em>ἐσθῆτ’,</em></span> <span class='ocrx_word' id='word_1_509' title='bbox 1147 4965 1361 5046; x_wconf 79' lang='grc' dir='ltr'><em>ἐποπτεύσας</em></span> <span class='ocrx_word' id='word_1_510' title='bbox 1382 4965 1444 5050; x_wconf 80' lang='grc' dir='ltr'><strong>ἐμὲ</strong></span> 
     </span>
    </p>
   </div>
   <div class='ocr_carea' id='block_1_3' title="bbox 0 0 2339 6036">
    <p class='ocr_par' dir='ltr' id='par_1_9' title="bbox 0 0 2339 6036">
     <span class='ocr_line' id='line_1_46' title="bbox 0 0 2339 6036; baseline 0 0"><span class='ocrx_word' id='word_1_511' title='bbox 0 0 2339 6036; x_wconf 95' lang='lat' dir='ltr'><strong> </strong></span> 
     </span>
    </p>
   </div>
  </div>
 </body>
</html>
