4668 6040
1135 551 1382 623 ..ς-

791 743 860 804 tta.
893 737 991 806 πόλει
1012 739 1075 824 μίν
1094 737 1196 819 ἕλκος
1217 738 1254 805 ἓν
1272 739 1311 805 τὸ
1332 738 1458 826 δήμων
1477 741 1607 827 τυχεῖν,

890 837 1042 917 πολλοὺς
1062 836 1100 903 δὲ
1120 840 1256 903 πολλῶν
1276 835 1517 923 ἐξαγισθέντας
1538 836 1655 925 δόμων

890 935 1022 1017 ἄνδρας
1044 932 1145 1019 δικλῇ
1162 933 1316 1022 μάστιγι,
1336 937 1397 1018 τὴν
1410 937 1518 1020 ΙἈρης
1539 939 1637 1018 φιλεῖ

888 1031 1045 1120 δίλογχον
1066 1031 1165 1116 ἄτην,
1186 1033 1325 1114 φοινίαν
1346 1031 1528 1116 ξυνωρίδα.

457 1137 490 1201 Si
510 1151 617 1198 verum
639 1141 701 1210 est,
722 1131 804 1214 quod
824 1131 979 1196 Lobeckio
997 1132 1075 1196 duce
1089 1140 1174 1214 putat
1187 1131 1454 1212 Schneidewinus,
1476 1129 1640 1216 ἐξαγίζειν
1659 1129 1781 1214 νεκρόν
1795 1151 1867 1195 esse
1881 1153 2057 1215 cepta-pm

456 1243 623 1298 mortum
643 1230 809 1294 seeundum
830 1231 1036 1308 Columellam,
1058 1233 1078 1292 i.
1094 1249 1122 1293 e.
1145 1229 1304 1294 efferendo
1325 1239 1476 1296 mortuum
1495 1249 1629 1315 purgare
1650 1229 1785 1310 domum,
1806 1233 1884 1295 nale
1906 1233 1946 1296 illi
1967 1234 2056 1297 locu-

455 1335 530 1398 tioni
558 1332 702 1394 convenit
730 1328 834 1412 διπλῇ
860 1327 1010 1414 μάστιγι.
1050 1329 1104 1390 llis
1133 1335 1234 1391 autem
1261 1331 1334 1410 ipsis
1353 1329 1522 1408 vocabulis,
1554 1338 1587 1392 ut
1607 1329 1741 1407 videtur,
1770 1329 1877 1393 duetus
1897 1331 2058 1413 Emporias

456 1431 579 1525 protulit
609 1428 897 1512 ἐνρααισδέντας,
925 1430 945 1490 i.
966 1446 995 1491 e.
1023 1427 1150 1508 duplicis
1175 1427 1287 1510 llagelli
1306 1428 1487 1495 verberibus
1507 1427 1602 1512 lugati
1623 1447 1665 1492 ex
1686 1428 1933 1512 aedibua,·quae
1955 1433 2055 1515 imago

457 1531 597 1594 acerbior
617 1547 691 1592 sane
714 1537 746 1591 et
767 1529 900 1590 atrocior
913 1535 961 1590 est
975 1545 1063 1608 quam
1077 1543 1155 1608 qnae
1170 1526 1219 1588 bic
1233 1526 1410 1590 admittatur.
1443 1523 1654 1590 Scbocmarino
1670 1529 1779 1609 placuit
1792 1523 2056 1610 ἐξανυσδέντας.

456 1631 527 1694 llibi
548 1637 649 1692 autem
669 1629 728 1688 iam
749 1625 867 1706 pridem
888 1628 918 1687 in
940 1633 1072 1688 mentem
1092 1633 1222 1687 venerat
1242 1621 1494 1710 ἑξαμηδέντας,
1515 1634 1547 1689 ct
1560 1644 1641 1689 nunc
1656 1644 1776 1708 quoque
1791 1627 1890 1708 placet
1904 1634 1937 1689 ut
1950 1631 2054 1690 sensui

457 1737 558 1810 aptum
579 1735 611 1790 et
630 1727 786 1788 literarum
807 1723 903 1786 lorma
924 1726 1105 1806 proximum.
1137 1723 1251 1786 Verum
1271 1733 1372 1788 tamen
1393 1727 1424 1787 in
1444 1724 1547 1808 διπλῇ
1560 1723 1699 1810 μάστιγι
1712 1725 1856 1802 haereas,
1877 1725 1959 1806 quod
1972 1726 2054 1788 nullo

457 1826 547 1890 modo
568 1844 627 1888 nec
649 1843 717 1886 cum
738 1819 981 1905 ἐξαγισθέντας
1004 1841 1062 1885 nec
1084 1840 1151 1884 oum
1172 1818 1411 1907 ἐξαμηδέντας
1432 1824 1585 1886 conciliari
1605 1832 1714 1906 potest.
1747 1825 1809 1888 Sed
1824 1827 1849 1888 si
1863 1829 2052 1906 reputaveris

456 1926 599 1988 nuncium
619 1921 696 1984 baec
717 1920 842 1983 dicere:
865 1923 915 2000 „si
937 1922 1004 2002 quis
1022 1921 1101 1984 mala
1121 1921 1320 1987 abommnda
1341 1924 1451 1984 civitati
1472 1924 1609 2001 nunciet,
1630 1924 1757 2004 primum
1771 1923 1891 2004 quidem
1906 1925 2051 2005 publicam

456 2025 613 2086 exercitus
638 2023 810 2102 interempti
838 2019 968 2096 cladem,
997 2019 1108 2082 deiude
1133 2019 1242 2083 multos
1267 2021 1365 2084 mttltis
1386 2039 1405 2084 e
1426 2021 1563 2084 domibus
1584 2024 1668 2084 viros
1689 2039 1760 2084 esse
1782 2024 1934 2099 occis0s‚“
1965 2013 2052 2085 lacile

455 2120 554 2196 dabis,
575 2120 879 2204 orationistenorem
901 2135 940 2180 eo
961 2109 1106 2195 δαισιν,
1121 2125 1154 2180 ut
1174 2117 1341 2182 scribatur:
1373 2117 1524 2202 ἄνδρας,
1552 2120 1674 2202 διπλῆν
1690 2119 1846 2206 μάστιγα,
1872 2121 1933 2203 τὴν
1945 2124 2052 2202 Ἄρης

456 2219 565 2299 φιλεῖ,
590 2215 751 2302 δίλογχον
773 2216 873 2297 άτην,
900 2215 1037 2296 φοινίαν
1057 2211 1245 2298 ξυνῳρίδα,
1262 2219 1410 2296 duplices
1430 2220 1577 2293 δαίονται,
1602 2236 1662 2300 quo
1683 2221 1794 2301 scripto
1816 2239 1912 2303 grave
1933 2219 2051 2302 pondus

455 2315 583 2380 efficitur
603 2333 639 2376 re
661 2315 756 2376 tribus
777 2313 949 2376 notionibus
971 2311 1093 2396 διπλῆν
1113 2311 1281 2399 μάστιγα,
1310 2314 1469 2401 δίλογχον
1490 2315 1586 2400 ἄτην,
1613 2317 1751 2399 φοινίαν
1772 2315 1945 2402 ξυνωρίδα
1965 2336 2050 2384 more

456 2433 530 2477 sane
552 2412 726 2493 Aeschyleo
747 2414 916 2476 enunciata,

539 2514 608 2576 bil.
647 2512 731 2576 Paris
756 2529 824 2574 cum
845 2510 962 2573 Helena
983 2511 1146 2576 ἔπλευσεν
1166 2507 1322 2593 ζεφύρου
1342 2511 1495 2596 γίγαντος
1517 2512 1621 2596 αὔρᾳ.
1662 2514 1696 2576 ln
1725 2513 1876 2596 γίγαντας
1897 2517 2052 2578 neminem

456 2617 579 2692 praeter
600 2609 797 2692 llartnngium
825 2608 990 2672 offendisse
1019 2611 1148 2672 mneris.
1190 2609 1265 2672 llam
1293 2609 1390 2692 γίγας
1414 2610 1463 2673 bic
1488 2611 1562 2674 nibil
1582 2611 1661 2674 atiud
1682 2631 1754 2675 esso
1774 2614 1869 2694 possit
1888 2631 1977 2693 quam
1998 2614 2049 2674 in-

455 2709 574 2772 modice
596 2710 728 2790 spuens,
754 2707 785 2770 id
805 2707 889 2789 quod
906 2707 975 2770 buic
996 2708 1064 2770 loco
1086 2715 1185 2788 aptum
1206 2726 1277 2770 esse
1299 2717 1384 2772 recte
1405 2718 1499 2792 negat
1520 2709 1667 2794 llurtung.
1701 2711 1825 2792 Scripsit
1845 2711 1895 2773 ille
1917 2709 2053 2790 ζαέντος

457 2828 497 2871 ex
519 2807 689 2888 llesycbio‚
717 2806 895 2869 vocabulum
920 2805 1040 2870 aliunde
1061 2824 1125 2869 non
1145 2815 1258 2870 notum.
1301 2807 1426 2870 Videtur
1447 2811 1544 2890 potius
1566 2812 1648 2872 notio
1670 2813 1753 2873 venti
1775 2809 1942 2869 desiderari
1964 2810 2054 2868 navi-

457 2908 572 2988 gutiotti
584 2904 730 2979 laventis,
751 2904 894 2976 secundi;
915 2922 983 2962 narn
997 2905 1106 2962 lenitas
1120 2913 1151 2963 et
1165 2907 1296 2964 suavitas
1311 2905 1436 2984 zephyri
1450 2909 1571 2983 propria
1586 2913 1643 2966 eet.
1671 2905 1748 2968 Nutu
1762 2906 1853 2988 igilur
1867 2905 2055 2988 ystntvzog?

541 3003 611 3064 ⁸109.
644 3000 725 3078 Leo,
746 3017 814 3062 cum
836 2997 950 3061 catulam
972 3004 1069 3074 esset,
1091 3005 1280 3074 mansuetus,
1302 3015 1384 3060 nnnc
1405 3007 1504 3061 autem
1525 2999 1642 3062 adultus

1002 3092 1110 3180 χάριν
1131 3097 1318 3176 τροφεῦσιν
1341 3093 1489 3180 ἀμείβων

1002 3188 1234 3278 μηλοφόνοισι
1255 3191 1320 3257 σὺν
1339 3191 1438 3272 άταις

1003 3289 1084 3354 δαῖτ’
1109 3288 1313 3369 ἀκέλευστος
1334 3288 1476 3374 ἔτευξεν.

457 3395 530 3468 Quis
551 3393 722 3454 criticorum
743 3387 991 3476 μηλοφόνοισιν
1013 3389 1163 3464 ἄλαισιν,
1185 3388 1297 3470 quoda
1313 3388 1546 3452 Schneidewino
1560 3391 1591 3453 in
1607 3391 1654 3454 ed
1670 3409 1698 3472 p.
1715 3394 1775 3454 223
1791 3398 2052 3466 commemoratur,

457 3493 570 3574 primus
590 3490 770 3564 coniecerit,
792 3490 912 3564 nescio,
934 3486 990 3548 sed
1011 3495 1080 3549 ante
1102 3487 1210 3550 multos
1228 3505 1325 3550 annos
1339 3489 1404 3569 ipse
1419 3491 1611 3552 conlocaram
1625 3487 1840 3576 μηλοφόνοις
1855 3493 1891 3555 ἐν
1906 3489 2056 3565 ἄλαισιν,

458 3594 477 3653 i.
490 3609 519 3652 e.
534 3591 745 3670 obcumvagus
766 3605 843 3648 ores
864 3585 1017 3648 occidens.
1049 3584 1143 3666 ldqne
1164 3605 1271 3648 verum
1293 3606 1363 3648 esse
1386 3595 1471 3668 pato,
1493 3591 1561 3669 qrria
1582 3591 1627 3650 sic
1648 3588 1784 3651 caedium
1806 3591 1837 3650 in
1859 3590 1950 3650 leone
1965 3590 2053 3668 cupi-

459 3687 534 3750 ditas
556 3685 594 3748 ad
614 3688 772 3748 ueritatem
794 3692 919 3747 nubnae
941 3683 1131 3746 describitur.
1164 3684 1207 3746 Cl.
1220 3683 1306 3748 llom.
1322 3685 1355 3748 ll.
1370 3689 1404 3762 5,
1422 3688 1490 3748 tot.
1523 3685 1608 3751 λε’ων
1627 3689 1662 3751 ἐν
1683 3684 1785 3767 βουσὶ
1802 3685 1929 3767 θορών.
1962 3686 2053 3748 Simili

459 3787 608 3850 sententia
630 3783 822 3849 Schneidew.
850 3783 996 3864 probante
1018 3783 1156 3865 llaysero
1183 3782 1415 3868 μηλοφόνοισι
1441 3785 1506 3849 σὺν
1534 3784 1645 3868 ἀγαῖς.
1689 3784 1802 3862 ἄταις,
1830 3784 1910 3866 quod
1936 3785 2054 3864 plurimi

459 3883 649 3968 praeierunt,
671 3885 761 3946 etiam
781 3890 943 3964 propterca
965 3881 1115 3962 displicet,
1136 3881 1217 3962 quod
1237 3881 1318 3944 idem
1339 3882 1517 3946 vocabulum
1538 3891 1605 3965 post
1627 3901 1739 3966 paucos
1761 3901 1869 3946 versus
1891 3884 2030 3945 recurrit.

469 3969 471 3978 ¹
832 3983 901 4044 tto.
935 3979 1034 4062 φιλεῖ
1048 3977 1085 4043 δὲ
1107 3978 1226 4044 τίκτειν
1247 3977 1350 4062 ὕβρις

934 4077 997 4162 μὲν
1015 4077 1147 4142 παλαιὰ
1168 4075 1257 4142 νεά-

934 4176 1059 4256 ζουσαν
1080 4177 1116 4238 ἐν
1136 4178 1258 4256 κακοῖς
1281 4179 1412 4259 βροτῶν
1433 4176 1548 4258 ὕβριν,

931 4271 996 4338 τότ’
1019 4274 1041 4356 ἢ
1063 4269 1146 4351 τόδ’,
1165 4271 1247 4340 ὅταν
1267 4275 1304 4340 τὸ
1324 4272 1446 4355 κύριον
1467 4271 1558 4360 μόλῃ

933 4371 1039 4452 νεαρὰ
1060 4368 1178 4452 φάους
1199 4369 1308 4436 κότον.

460 4471 508 4532 Sic
531 4471 623 4566 vulgo
644 4471 765 4554 tegitur.
798 4471 936 4554 bongum
957 4478 1005 4534 est
1026 4489 1171 4533 enarmre
1194 4489 1282 4552 quam
1303 4471 1403 4532 varias
1425 4472 1473 4533 bic
1494 4471 1577 4533 locus
1599 4473 1842 4552 corruptissimus
1862 4473 1963 4534 tulerit
1984 4490 2057 4534 me·-

459 4567 551 4630 dendi
571 4578 668 4646 artes,
699 4571 740 4632 ita
761 4576 794 4632 ut
814 4587 832 4632 e
854 4570 963 4631 nullius
984 4569 1105 4633 artilieis
1126 4572 1220 4632 critici
1242 4587 1331 4634 manu
1352 4587 1413 4634 nou
1434 4571 1509 4633 alius
1529 4569 1683 4651 prodierit
1725 4574 1765 4633 At
1786 4589 1891 4638 nonna
1912 4569 2052 4634 medendi

459 4666 590 4747 petenda
614 4671 672 4730 erit
697 4687 739 4730 ex
765 4667 950 4748 antistropha
970 4687 999 4729 v.
1022 4669 1096 4745 751,
1124 4669 1175 4732 ubi
1201 4670 1304 4732 omnia
1326 4670 1398 4734 satia
1423 4687 1497 4732 sana
1522 4677 1605 4746 sunt,
1633 4653 1692 4731 nisi
1713 4668 1793 4751 qnod
1815 4665 1924 4734 ἐσθλά
1944 4672 1974 4732 in
1996 4687 2053 4730 su-

459 4765 625 4844 spicionem
647 4773 785 4828 vocatum
807 4774 868 4844 eat,
891 4766 970 4830 nulla
992 4767 1048 4828 alia
1070 4765 1108 4829 de
1130 4783 1236 4846 musa,
1256 4769 1315 4830 nisi
1336 4767 1416 4849 quod
1437 4785 1505 4830 cum
1519 4765 1659 4848 stropbae
1675 4776 1786 4844 metro,
1807 4767 1887 4848 quod
1901 4769 1958 4829 viri
1973 4767 2057 4828 docti

459 4868 637 4942 statuerunt,
666 4881 728 4928 nou
757 4865 974 4928 consentiebat
1018 4865 1120 4946 ltaque
1149 4872 1340 4928 mutaverunt
1368 4867 1398 4928 in
1428 4863 1568 4942 ἔδεθλα,
1596 4862 1977 4944 „testamenmentum
2002 4865 2056 4930 vel
