4668 6040
1118 543 1362 614 ..10-

436 753 511 814 opus
533 741 581 794 est
603 734 683 793 entim
705 733 828 792 notione
852 728 1015 808 „intiniti“‚
1037 735 1126 812 quam
1147 732 1274 812 praebet
1295 733 1447 796 Karstenii
1468 737 1643 798 muscum
1664 734 1834 819 ἀόριστον.
1868 741 1972 824 ltaque
1994 747 2038 807 sic

436 831 628 894 scribendum
656 831 816 912 enistimo:
848 824 945 914 μάλα
972 850 1007 892 τε
1034 827 1101 911 γὰρ
1127 829 1348 914 μακροτέρας
1375 831 1491 915 ὄγιίας
1518 829 1679 913 ἀόριστον
1696 833 1822 919 τέρμα.
1844 835 1948 918 νόσος
1968 842 2038 924 γὰρ

431 929 491 1016 ιἀεὶ
517 934 583 993 aab.
625 929 688 990 Nisi
715 935 747 990 ut
773 924 963 1008 ἀκόρεστος
992 934 1147 1004 servetur,
1180 931 1225 991 aio
1245 930 1349 992 unalis:
1384 927 1481 1015 μάλα
1509 949 1543 994 τε
1571 929 1639 1012 γὰρ
1670 935 1891 1016 μακροτέρας
1922 937 2037 1020 ὑγιίας

438 1026 625 1108 ἀκόρεστον
648 1027 771 1112 τέρμα.
792 1022 896 1104 νόσος
918 1023 947 1088 d'
971 1022 1110 1106 ἀφανής
1128 1028 1195 1090 κτί.

421 1189 427 1199 ,
517 1126 551 1187 ln
574 1125 771 1206 sequentibus
792 1123 977 1205 probabilem
992 1123 1236 1186 emendationem
1251 1126 1390 1188 invenire
1406 1142 1469 1186 non
1484 1126 1622 1208 contigit,
1644 1125 1702 1188 boc
1716 1135 1829 1191 tantum
1842 1131 1948 1208 video,
1968 1133 2037 1194 lec-

438 1228 551 1286 tionem
573 1225 723 1306 uulgatum
745 1243 775 1285 v.
792 1225 850 1284 otc
866 1240 931 1302 sqq.
954 1222 1088 1302 pluribus
1110 1221 1149 1284 de
1171 1223 1270 1286 cauda
1291 1229 1461 1303 σιισροσιιιιι
1482 1239 1567 1299 esse,
1589 1225 1715 1304 primurn
1734 1227 1815 1309 qood
1829 1247 1934 1293 rursus
1949 1230 2032 1294 terre

436 1324 574 1385 iubemur
595 1322 812 1385 intolerabilem
830 1322 1044 1382 nominativum
1058 1320 1225 1384 absolutum
1240 1320 1342 1400 ὄκνος
1357 1318 1488 1402 βαλών,
1508 1322 1619 1386 deinde
1635 1325 1715 1405 quod
1730 1323 1832 1390 ὄκνον
1847 1347 1918 1392 esse
1933 1331 2037 1394 volunt

435 1422 514 1483 idem
543 1421 624 1502 quod
651 1418 777 1502 ἄνδρες
799 1419 995 1497 ὀκνοῦντες,
1024 1419 1166 1497 „nautae
1179 1422 1384 1482 metuentes“.
1428 1418 1502 1482 Tum
1523 1429 1622 1484 autem
1643 1423 1739 1486 verba
1760 1425 1876 1490 καὶτὸ
1897 1427 1960 1512 μὲν
1983 1432 2033 1491 vin

435 1527 519 1582 recte
548 1538 582 1582 ae
611 1520 736 1596 babent,
766 1520 836 1600 quia
861 1517 898 1580 ab
924 1517 962 1579 iis
982 1520 1133 1580 sententia
1153 1519 1313 1582 inchoatur
1334 1518 1541 1600 superioribus
1562 1523 1707 1601 opposita.
1750 1523 1824 1585 Nam
1845 1525 1944 1604 paullo
1966 1535 2036 1590 ante

434 1620 609 1682 dicebatur:
648 1617 757 1696 „Nulla
783 1617 932 1680 felicitatis
960 1635 1089 1700 magnae
1111 1619 1142 1680 in
1163 1619 1257 1681 rebus
1278 1618 1414 1682 humanis
1435 1621 1601 1682 coustumia
1623 1623 1701 1682 est.“
1749 1621 1910 1703 Sequitur:
1949 1625 2036 1702 „Sed

434 1721 485 1800 qui
506 1720 598 1799 partis
620 1717 806 1779 fortunarum
828 1733 948 1778 suanum
967 1718 1112 1778 iacturam
1132 1719 1286 1798 sapienter
1299 1718 1330 1780 in
1345 1723 1481 1798 tempore
1496 1719 1560 1797 ipse
1575 1715 1659 1795 tacit,
1681 1737 1744 1781 non
1758 1737 1884 1802 prorsus
1898 1723 2031 1784 interit.“

435 1817 528 1878 Vides
557 1834 618 1878 non
641 1815 712 1889 καί,
743 1814 798 1878 sed
820 1812 908 1877 ἀλλά
929 1814 1107 1878 desiderari.
1151 1815 1235 1877 llaec
1258 1818 1283 1878 si
1305 1835 1381 1878 vere
1403 1815 1549 1896 disputata
1571 1825 1654 1894 sunt,
1683 1820 1727 1880 sic
1748 1818 1815 1882 tere
1838 1821 2032 1884 scribendum

435 1917 512 1976 erit:
547 1913 615 1978 ἀλλ’
649 1912 752 1998 ὁμὲν
780 1912 849 1994 πρὸ
877 1909 1069 1998 χρημάτων
1095 1913 1240 1996 κτησίων
1267 1913 1370 1979 ὄκνον
1390 1911 1505 1995 βαλών
1524 1949 1538 1964 -
1559 1951 1574 1964 ·
1594 1914 1659 1979 σύκ
1680 1915 1743 1980 ido
1763 1914 1905 1998 πρόπας
1927 1916 2034 2004 δόμος

439 2016 642 2097 πλησμονάς
669 2013 779 2097 γέμων
807 2011 903 2096 ἄγαν.
944 2011 1019 2074 Nam
1046 2029 1102 2092 pro
1130 2013 1307 2096 πημονᾶς,
1336 2013 1422 2075 cuius
1448 2011 1679 2092 explicationem
1704 2015 1889 2080 commodam
1910 2019 1962 2080 vix
1983 2020 2035 2080 in·
2069 2073 2078 2082 .

436 2113 573 2188 veneris,
596 2113 939 2196 scripsi-sapaparag.
969 2110 1035 2173 tan
1055 2110 1139 2173 bisce
1161 2111 1299 2174 omnibus
1321 2112 1489 2192 oppositum
1511 2119 1558 2174 est
1579 2113 1609 2173 in
1631 2114 1814 2195 antistropha
1836 2136 1865 2178 v.
1883 2117 1942 2178 986
1964 2115 2035 2178 illud
2132 2115 2134 2120 '

436 2209 487 2276 όὲ.
521 2211 600 2292 quod
629 2211 791 2291 particulae
819 2209 881 2295 μέν
907 2229 936 2270 v.
965 2210 1024 2274 978
1052 2209 1247 2291 respondeat.
1298 2209 1475 2290 „Bonorum
1503 2211 1615 2272 iactura
1643 2211 1743 2292 aliquo
1771 2213 1861 2276 modo
1888 2217 2031 2277 resarciri

436 2317 548 2389 potest,
570 2309 626 2371 sed
647 2309 751 2371 caedis
771 2315 962 2390 perpetratae
984 2311 1100 2372 sanatio
1122 2309 1231 2372 nulla.“

519 2410 607 2471 1020.
646 2408 759 2471 Nescio
781 2426 836 2470 cur
857 2407 998 2490 neglecta
1020 2409 1057 2470 sit
1078 2408 1241 2471 Wieseleri
1261 2407 1399 2471 tacilbma
1419 2408 1571 2471 correctio
1594 2403 1724 2492 σχολήν
1745 2425 1800 2488 pro
1823 2408 1950 2493 σχολή,
1971 2429 2033 2491 qua

434 2513 556 2586 recepta
578 2515 609 2568 et
628 2504 763 2588 θυραίᾳ
785 2509 881 2588 posito
903 2509 1001 2569 omnia
1024 2525 1059 2569 se
1080 2514 1166 2569 recte
1188 2506 1341 2569 babeth
1362 2509 1422 2569 sic:
1445 2504 1540 2570 οὔτοι
1554 2502 1687 2585 θυραίᾳ
1700 2502 1793 2585 τήνδ’
1810 2505 1887 2590 ἐμοὶ
1902 2509 2033 2592 σχολὴν

438 2603 537 2683 τιάρα
560 2603 694 2685 τρίβειν.

518 2705 607 2766 1022.
652 2703 852 2767 Scribendum
881 2705 939 2766 erit
967 2703 1057 2786 πρὸς
1087 2704 1225 2786 σφαγὴν
1252 2704 1359 2782 πέλας
1386 2704 1423 2766 ad
1451 2700 1604 2766 vitandum
1632 2703 1858 2795 σιγματιομόν
1885 2705 1917 2766 ιιι
1942 2705 2033 2786 πρὸς

434 2803 576 2888 σφαγὰς
597 2804 715 2882 πέίκις.

768 2905 856 2961 1οἾ9.
890 2906 905 2962 ἒ
929 2905 960 2974 ἕ,
982 2901 1012 2959 τί
1032 2898 1106 2960 τόδε
1126 2900 1299 2976 φαίνετατ;

887 2990 911 3075 ἦ·
933 2989 1069 3056 δίκτυόν
1089 2991 1119 3054 τί
1140 2991 1165 3075 γ’
1181 2988 1312 3064 ιἈιόσυ;

888 3091 957 3154 ἀλλ’
983 3090 1095 3170 ἄρκυς
1116 3089 1138 3170 ἡ
1158 3085 1321 3170 ξύνευνος
1342 3090 1365 3171 ἡ
1389 3086 1542 3172 ξυναιτία
1563 3089 1684 3171 φόνον.

434 3194 520 3256 Prius
542 3193 561 3276 r}
587 3195 617 3254 in
636 3185 663 3276 ᾖ
684 3194 806 3254 mutavit
826 3190 946 3273 linger,
968 3186 1160 3251 Schneidew.
1182 3187 1253 3252 nihil
1274 3196 1379 3265 mutat,
1401 3187 1456 3250 sed
1477 3185 1499 3270 ἡ
1521 3185 1676 3271 ξυναιτία
1688 3207 1744 3272 pro
1759 3189 1781 3272 ἡ
1798 3190 1890 3255 αἰτία
1903 3192 2031 3273 positum

433 3301 512 3372 potat
540 3301 572 3354 ut
600 3293 668 3352 voci
698 3286 861 3372 ξύνευνος
886 3289 1120 3352 assimularetur.
1162 3286 1307 3350 Neutrum
1334 3287 1446 3367 placet,
1477 3289 1576 3368 potius
1597 3289 1699 3350 vitium
1721 3289 1826 3351 subest
1847 3292 1877 3351 in
1901 3289 2031 3369 ὄρκυς,

432 3391 511 3472 quod
541 3392 695 3473 glossema
720 3390 859 3452 vocabuli
882 3386 1016 3452 δίκτυον
1035 3387 1067 3448 in
1089 3386 1168 3448 bunc
1190 3403 1312 3448 versum
1333 3384 1488 3467 delapsum
1508 3393 1565 3448 est.
1598 3385 1784 3450 Cassandrae
1806 3389 1899 3449 menti
1913 3388 2030 3450 obver-

433 3499 515 3552 satur
536 3489 775 3568 Clytaemnestra
797 3487 1010 3550 vestimentum
1031 3487 1161 3567 amplum
1181 3485 1302 3561 marito,
1327 3503 1388 3565 quo
1409 3486 1575 3562 irretiatur,
1595 3487 1774 3569 porrigens,
1802 3503 1891 3567 ηιιιιιιι
1913 3493 2030 3548 vestem

433 3589 572 3670 agnoscit
593 3605 663 3649 esse
685 3593 753 3648 rete
776 3584 857 3647 Oroi.
900 3584 964 3648 Nec
986 3593 1087 3647 umen
1108 3587 1152 3646 sic
1173 3582 1330 3646 commode
1352 3583 1508 3646 mulierem
1528 3585 1622 3665 ipsam
1644 3583 1757 3664 ὄρκυν
1775 3584 1879 3646 dicere
1901 3592 2027 3665 poterat.

432 3686 543 3748 Nescio
565 3703 603 3748 an
625 3684 817 3748 scribendum
840 3685 896 3746 sit:
919 3682 988 3746 ἀλλ’
1012 3679 1113 3764 ἀνόρί
1132 3681 1157 3764 y'
1180 3680 1202 3764 ἡ
1224 3678 1387 3764 ξύνευνός
1409 3685 1497 3746 ἐστιν
1519 3683 1609 3747 αἰτία
1631 3679 1752 3762 φόνου.
1782 3683 1909 3746 Librarii
1925 3683 2028 3766 negli-

434 3788 556 3867 gentiae
579 3781 642 3868 ξύν
663 3784 776 3864 duplex
796 3782 934 3845 debetur.

518 3885 608 3947 1086.
651 3883 785 3962 Recepta
805 3882 945 3963 palmaria
966 3879 1112 3943 Diodoriii
1132 3878 1344 3942 emendatione
1367 3878 1425 3943 ἅτε
1446 3877 1564 3960 καιρία
1585 3879 1641 3941 bos
1663 3897 1771 3942 versus
1793 3881 1836 3940 sic
1859 3878 1978 3940 scribo:

883 3978 939 4044 ἐπὶ
961 3976 998 4042 δὲ
1019 3975 1165 4059 καρδίαν
1186 3977 1317 4062 ἔόραμε
1338 3977 1566 4058 κροκοβαφὴς

885 4076 1031 4162 σταγών,
1055 4076 1112 4142 ἅτε
1132 4077 1252 4158 καιρία
1274 4073 1450 4160 πτώσιμος

883 4172 1062 4259 ξυνανύτει
1082 4175 1159 4256 βίον
1181 4173 1302 4254 δύντος
1323 4172 1451 4256 αὐγάς.

434 4277 491 4337 lem
514 4279 640 4356 simplex
662 4285 694 4338 et
715 4285 782 4358 apta
803 4276 879 4339 baec
901 4277 1004 4339 existit
1024 4275 1194 4337 sententia:
1222 4273 1404 4356 „sanguinis
1424 4279 1524 4356 gaba,
1544 4288 1622 4351 ηιιιισ
1644 4271 1674 4330 in
1697 4270 1763 4348 ipso
1778 4271 1861 4332 exitu
1876 4271 2030 4352 (graviter

433 4376 581 4438 vulnerati
602 4382 690 4456 puta)
718 4376 833 4440 cadens
861 4377 948 4438 simul
976 4377 1055 4438 vitae
1081 4375 1261 4436 intereuntis
1281 4374 1393 4436 lumina
1413 4370 1561 4434 conticit.“
1605 4367 1694 4430 Errat
1715 4375 1815 4430 autem
1837 4367 2028 4432 Sebneidew.

433 4472 661 4558 κροκοβαφής
686 4475 829 4538 tenebras
856 4476 922 4538 illas
943 4473 1117 4558 significare
1138 4481 1258 4554 putans,
1287 4489 1366 4554 quae
1387 4471 1482 4534 oeulis
1503 4469 1695 4532 morientium
1716 4467 1766 4529 vel
1787 4474 1908 4530 terrore
1930 4469 2029 4547 aliquo

432 4577 611 4654 torpentium
633 4593 669 4638 ac
691 4576 892 4639 deficientium
914 4571 1028 4637 citandi
1048 4572 1202 4650 dicuntur,
1224 4580 1256 4634 et
1277 4578 1400 4634 nostrae
1421 4569 1563 4634 locutioni
1582 4575 1661 4646 ρτιιιι
1682 4567 1745 4628 aad
1766 4566 1838 4628 blau
1855 4585 1911 4630 cor
1924 4566 2030 4645 Αιητιι

432 4673 618 4735 assimulans.
650 4675 741 4736 lmrno
763 4675 887 4758 sanguia
909 4676 954 4735 sic
973 4673 1082 4736 dieitur
1101 4681 1225 4755 propter
1246 4672 1381 4735 colorem
1402 4669 1539 4744 nnbrum,
1561 4664 1599 4726 ci.
1614 4685 1643 4727 v.
1660 4667 1720 4727 22⁹
1743 4661 1874 4746 κρόκον
1895 4661 2027 4745 βαφάς.

517 4773 606 4835 1092.
640 4775 675 4835 ἐν
697 4772 875 4836 ,πέπλοισιν
893 4771 1112 4858 pasl-cynicos
1132 4773 1290 4852 λαβοῦσα
1309 4764 1534 4856 μηχανήματι
1550 4761 1673 4829 τύπτει.
1705 4764 1739 4826 Ιιι
1752 4764 1799 4826 bis
1811 4762 2030 4848 μελαγκίριιν

433 4869 513 4933 nihili
535 4869 695 4936 συσσίτια
717 4872 914 4935 consentitur.
949 4871 1009 4933 Atii
1029 4866 1238 4956 μελαγχρόῳ
1258 4871 1310 4934 vel
1329 4864 1552 4955 μσλαγκρόκῳ
1573 4865 1781 4928 coniecerunt
1817 4864 1888 4928 ttitn
1908 4861 2031 4946 quidem

433 4969 655 5054 μηχανήματι
674 4971 776 5034 verbis
798 4972 833 5034 ἐν
851 4970 1011 5036 πέπλοισι
1030 4972 1195 5053 appositum
1216 4989 1287 5035 esse
1301 4971 1420 5032 videtur
1434 4965 1472 5029 ad
1487 4962 1682 5050 significanda
1694 4966 1771 5028 retia
1785 4965 1899 5042 letalia,
1921 4963 2029 5044 quibus
