4668 6040
998 537 1240 608 ..5-

315 735 470 816 vulgatam
491 731 653 794 lectionem
675 730 810 811 quamvis
831 729 869 791 ah
891 723 1067 792 Hermanno
1088 728 1244 791 defensam
1265 726 1339 790 ferri
1361 745 1452 808 posse
1475 737 1560 792 recte
1578 737 1676 812 negat
1692 731 1914 794 Schneidewin.

314 826 400 913 ὀξύς
422 831 553 892 coniecit
575 828 780 906 Schoemann‚
803 845 862 908 quo
884 829 1016 909 epitheto
1038 827 1126 890 facile
1149 845 1264 890 careas.
1301 826 1395 890 Recte
1418 829 1513 890 sensit
1537 827 1728 892 Schneidetv.
1744 830 1846 894 Plrilol
1858 830 1914 908 IX,

316 931 389 1005 tta,
412 928 537 991 similem
559 925 626 990 lere
648 929 827 990 sententiam
841 928 944 990 inesse
959 927 1088 1002 debore,
1111 926 1229 1006 qualem
1243 925 1422 1006 pronunciat
1437 925 1550 988 Herod.
1566 927 1633 1006 Vll,
1652 929 1704 1006 10,
1728 937 1759 992 et
1773 928 1913 993 Horatius
1998 1009 2002 1016 .

312 1028 483 1108 feriuntque
509 1046 639 1090 summos
665 1026 788 1105 fitlpuro
816 1035 945 1100 montes,
981 1027 1080 1106 itaque
1111 1025 1229 1106 scripsit
1255 1020 1414 1104 βάλλεται
1437 1022 1477 1087 δὲ
1499 1022 1722 1106 κρόσσαις,
1751 1034 1783 1089 ut
1804 1028 1915 1108 pinnae

315 1143 468 1190 murorum
490 1125 574 1190 feriri
596 1123 741 1188 dicamur.
775 1124 815 1186 nt
835 1125 961 1205 primum
982 1125 1087 1186 nescio
1109 1141 1147 1185 an
1169 1123 1392 1204 prominentior
1414 1121 1535 1184 altitudo
1558 1123 1615 1186 alio
1637 1123 1783 1187 vocabulo
1798 1126 1913 1207 aptiore

314 1224 438 1288 indicari
460 1223 614 1300 debuerit,
645 1222 755 1286 deinde
778 1221 901 1285 offendit
922 1229 1070 1284 structura
1092 1221 1224 1297 insolita,
1253 1239 1322 1282 nam
1344 1219 1503 1282 dicendum
1524 1222 1623 1300 potius
1645 1229 1711 1284 erat
1732 1220 1914 1303 βάλλονται

315 1319 464 1404 κρόσσαι
486 1322 650 1403 κεραυνῷ.
683 1320 830 1402 Equidem
850 1321 882 1382 in
904 1319 1032 1382 eandem
1054 1321 1234 1382 sententiam
1255 1325 1442 1380 tentaveram
1464 1319 1533 1380 olim
1555 1316 1717 1400 βάλλεται
1738 1319 1804 1403 γὰρ
1821 1320 1914 1403 ἄκρα

315 1417 442 1486 Διόθεν
467 1421 634 1501 κεραυνῷ.
675 1421 782 1482 Postea
810 1427 910 1482 antem
940 1437 1030 1500 quum
1060 1435 1242 1499 quaererem
1271 1416 1351 1498 quod
1378 1418 1500 1496 propius
1522 1415 1559 1478 ad
1580 1417 1914 1502 lectionem'vulgatam

314 1517 493 1597 accederet,
514 1517 604 1581 incidi
626 1519 656 1580 in
679 1516 838 1599 βάλλεται
859 1516 925 1600 γὰρ
947 1509 1056 1580 ἆσσον
1077 1512 1204 1580 Διόθεν
1227 1511 1413 1596 κεραυνός,
1439 1518 1569 1594 propius
1591 1519 1669 1578 enim
1690 1520 1852 1580 cornicilia·
1873 1518 1914 1581 σίν

315 1615 392 1678 doce
414 1615 541 1695 βιίοιεα,
572 1618 591 1679 i.
607 1635 635 1679 e.
658 1625 690 1680 ut
712 1635 850 1699 quaeque
871 1633 924 1678 res
945 1616 1073 1678 maxime
1096 1615 1231 1689 excellit,
1252 1614 1292 1674 ita
1314 1612 1446 1674 obnoxia
1468 1621 1515 1676 cst
1536 1611 1665 1676 fulminis
1686 1615 1766 1678 ictui.
1806 1614 1915 1680 άσσον

313 1724 419 1796 postea
441 1716 529 1777 etiarn
552 1733 569 1777 a
591 1715 728 1796 Kaysero
750 1715 823 1778 diar.
839 1715 918 1778 doct.
934 1715 1051 1777 hlonao.
1076 1715 1153 1776 1857
1171 1731 1199 1794 p.
1216 1712 1276 1775 540
1299 1713 1484 1792 propositum
1506 1712 1566 1776 vidi
1585 1731 1696 1796 magno
1711 1733 1778 1776 curn
1794 1713 1913 1796 gaudio.

396 1839 467 1899 tot.
501 1839 584 1920 αίσᾳ
605 1856 660 1919 pro
683 1839 796 1924 αίχμᾳ
816 1855 878 1899 non
900 1845 985 1900 recte
1008 1839 1136 1900 conieci.
1180 1835 1267 1910 Quod
1289 1843 1388 1898 autem
1409 1837 1440 1896 in
1462 1854 1548 1916 seqq.

736 1935 883 2015 πιθανὸς
903 1936 990 2018 άγαν
1011 1935 1029 2000 ό
1050 1935 1164 2018 θῆλυς
1186 1931 1272 2016 ὅρος
1294 1933 1483 2020 ἐπίνεμεται
1588 1943 1591 1952 ’

736 2031 946 2119 ταχύπορος·
970 2033 1057 2098 ἀλλὰ
1081 2030 1285 2118 ταχύμορον

737 2129 1024 2216 γυναικογήρυτον
1045 2131 1185 2196 ὄλλυται
1207 2130 1325 2210 κλέος,

314 2227 398 2312 ὅρος
427 2230 586 2294 ferendum
615 2249 686 2294 esse
715 2233 840 2315 negavi,
870 2234 936 2294 iore
958 2230 1027 2292 ieci.
1069 2231 1144 2292 Nem
1166 2227 1251 2311 ὅρος
1273 2231 1400 2305 iussum,
1428 2231 1584 2311 imperium
1607 2230 1780 2312 significare
1802 2229 1913 2294 frustra

314 2329 513 2406 contendunt,
543 2347 602 2391 nec
629 2331 654 2390 sl
681 2329 719 2391 de
741 2331 867 2410 imperio
889 2329 1078 2404 adhibeatur,
1108 2328 1187 2390 aliud
1209 2329 1246 2390 sit
1267 2345 1354 2409 qnam
1376 2327 1459 2404 sinis,
1486 2346 1577 2409 quem
1597 2327 1648 2390 vel
1668 2329 1745 2390 ultra
1767 2329 1817 2391 vel
1839 2331 1913 2391 citra

313 2444 366 2490 res
386 2428 530 2508 imperata
551 2427 617 2490 lieri
639 2446 699 2490 non
721 2428 839 2491 debeat.
884 2427 944 2490 Sed
967 2427 1066 2508 ἔρος,
1092 2425 1173 2507 quod
1195 2426 1265 2488 olim
1287 2426 1442 2508 amplexus
1465 2445 1543 2503 sum,
1571 2445 1652 2489 nuno
1674 2429 1797 2490 missum
1819 2426 1912 2504 lacic,

313 2527 464 2606 quianon
487 2535 545 2588 tam
567 2525 605 2588 de
627 2527 786 2608 cupiditate
808 2525 931 2589 credula
954 2543 1041 2606 mam
1063 2525 1101 2587 de
1120 2543 1242 2587 rumore
1258 2525 1339 2586 inani
1353 2525 1488 2587 velanili
1504 2542 1605 2587 sermo
1620 2533 1681 2602 est,
1704 2527 1755 2605 qui
1770 2526 1912 2588 celeriter

314 2643 369 2704 per
390 2625 547 2687 mulierum
569 2643 622 2686 ora
644 2633 773 2708 vagetur
794 2633 825 2687 et
846 2625 995 2688 credatur.
1031 2625 1059 2686 ls
1081 2631 1194 2702 autem,
1216 2625 1247 2685 ni
1268 2621 1370 2700 fallor,
1391 2625 1451 2686 erit
1472 2622 1597 2703 ὕθλος,
1620 2625 1668 2687 cui
1690 2624 1838 2687 vocabulo
1860 2626 1911 2687 in-

313 2721 420 2783 haeret
439 2725 522 2783 notio
544 2725 681 2784 vanitatis
702 2723 750 2785 hic
764 2725 924 2804 aptissima.
956 2723 1056 2786 Facile
1071 2729 1170 2784 autern
1185 2719 1295 2800 ὕθλος
1316 2721 1521 2803 praecedente
1536 2721 1650 2803 θῆλυς
1666 2721 1893 2802 obscurabatur.

600 2845 670 2907 540.
702 2844 734 2907 τί
757 2841 784 2907 θ
802 2843 844 2909 οὐ
867 2845 1052 2922 στένοντες,
1074 2842 1116 2907 οὐ
1134 2841 1299 2928 λαχόντες
1319 2841 1451 2928 ἤματος
1472 2844 1601 2928 με’ρος;

313 2941 435 3002 Frustra
457 2943 591 3002 nonnulli
612 2941 681 3001 mihi
702 2941 841 3001 videntur
862 2941 1000 2998 laborare
1023 2942 1052 2997 in
1075 2939 1271 3013 defendendo
1292 2939 1467 3022 λαχόντες.
1509 2940 1700 3016 Κλαίοντες
1730 2961 1797 3003 curn
1821 2943 1913 3003 Stan-

312 3038 372 3100 loio
394 3037 584 3100 Hennannus
605 3038 712 3114 voluit,
735 3035 900 3122 ἀχοίντες
915 3034 1033 3118 Engar,
1056 3033 1111 3096 alia
1125 3034 1182 3094 olii.
1215 3033 1328 3095 llermn
1342 3052 1404 3096 non
1419 3043 1478 3096 tam
1493 3037 1630 3099 eiusdem
1643 3041 1775 3101 notionis
1790 3042 1909 3102 iteratio

311 3133 517 3211 desideratur,
548 3154 635 3216 mam
663 3143 695 3196 ut
722 3152 812 3196 causa
840 3135 970 3215 gemitus
998 3131 1160 3208 indicetur,
1189 3131 1218 3192 id
1240 3130 1320 3212 quod
1342 3131 1470 3196 efficitur
1491 3137 1587 3214 posito
1610 3137 1805 3216 πονοῦντες.
1850 3138 1911 3201 Sed

312 3234 408 3313 aptius
430 3241 477 3295 est
498 3229 679 3317 καμόντες,
702 3231 781 3313 quod
803 3231 993 3292 Hermannns
1013 3231 1126 3306 reiicit,
1148 3231 1216 3310 quia
1238 3233 1414 3294 necessario
1436 3251 1583 3312 praesens
1599 3233 1798 3297 desideretur.
1831 3236 1907 3308 Ouid

312 3339 410 3394 autern
432 3331 458 3394 si
480 3327 647 3416 καμόντες
662 3333 706 3392 εἰσ
721 3331 840 3412 capias:
863 3349 923 3410 prro
932 3339 1024 3408 porte
1039 3330 1101 3390 diei
1114 3349 1175 3390 aon
1187 3339 1357 3408 paroentes,
1382 3333 1491 3410 quippe
1505 3351 1566 3412 quc
1580 3351 1640 3394 non
1654 3330 1785 3410 afflicti?
1809 3333 1908 3415 Atque

312 3430 389 3492 adeo
410 3431 441 3491 in
463 3437 599 3511 promptu
621 3438 668 3492 est
689 3429 880 3491 Pauwianum
902 3423 1079 3511 λαχόντες,
1108 3433 1139 3488 ut
1165 3426 1196 3487 in
1218 3425 1296 3487 idern
1318 3426 1364 3488 bis
1386 3435 1472 3490 terve
1495 3429 1624 3492 diversis
1646 3433 1731 3494 annis
1753 3431 1833 3494 ultro
1856 3435 1908 3493 in-

312 3523 446 3590 cidarim.

337 3657 340 3662 '
394 3652 463 3711 545.
500 3649 646 3728 τιθέντες
672 3648 822 3731 ἔνθηρον
848 3649 959 3736 τρίχα.
997 3649 1171 3731 ’Ένθηρος
1197 3651 1378 3714 Philoctetae
1407 3668 1461 3732 pes
1489 3653 1909 3734 in100080phocleorecte

310 3747 433 3824 dicitur,
455 3747 604 3830 ἔνθηρος
626 3749 682 3810 alia
704 3749 820 3810 ratione
843 3749 931 3810 etiam
953 3749 1025 3810 silva
1048 3749 1179 3810 serarum
1198 3751 1308 3812 nutrix.
1341 3749 1418 3823 Quid
1434 3758 1532 3812 autern
1548 3751 1673 3832 capilli?
1704 3751 1771 3814 Non
1787 3752 1909 3816 credam

311 3847 339 3908 id
361 3848 493 3910 voluisse
507 3845 702 3928 Aeschylum.
738 3846 895 3927 Explicant
910 3848 1000 3928 igitur
1014 3847 1136 3928 capillos
1150 3848 1303 3928 hispidos,
1330 3849 1478 3924 hirsutos,
1502 3851 1608 3912 nescio
1625 3869 1683 3932 quo
1699 3852 1775 3913 iure.
1809 3851 1909 3914 Potius

311 3945 419 4008 canitie
448 3944 571 4008 allectos
600 3944 713 4007 dixisse
743 3946 865 4025 opinor,
894 3964 963 4008 num
986 3946 1164 4029 dyyqpov?
1185 3981 1225 3992 -
1247 3945 1348 4009 Paullo
1370 3955 1438 4030 post
1459 3967 1487 4009 v.
1511 3949 1571 4010 550
1594 3948 1786 4012 scribendum
1809 3952 1907 4030 potios

311 4043 514 4129 παροίχεται
535 4039 651 4121 πόνος·
673 4041 877 4129 παροίχεται
898 4040 944 4125 δή
965 4061 1020 4126 pro
1043 4042 1093 4120 δὲ,
1114 4045 1269 4126 praeteriit
1289 4063 1380 4124 vero,
1403 4048 1442 4108 ita
1464 4053 1496 4109 ut
1516 4053 1585 4108 cett.

638 4167 707 4227 552.
740 4163 838 4242 θεοῖς
859 4161 1004 4245 λάφυρα
1024 4166 1130 4230 ταῦτα
1150 4167 1222 4246 τοῖς
1244 4165 1321 4232 καθ’
1342 4162 1492 4230 Ἑλλάδα

738 4259 860 4348 δόμοις
879 4260 1140 4328 ἐπασσάλευσαν
1161 4262 1310 4350 ἀρχαῖον
1332 4263 1445 4347 γάνος.

311 4358 459 4446 ἀρχαῖον
479 4363 715 4442 interpretantur
737 4359 817 4443 quod
838 4362 1008 4425 diuturnum
1029 4369 1088 4439 est,
1111 4363 1282 4424 inviolatum
1304 4367 1417 4438 manet,
1440 4360 1644 4424 Hermannom
1667 4363 1776 4440 secuti,
1799 4367 1850 4444 qui
1869 4362 1907 4425 ad

309 4457 400 4539 Soph.
423 4457 482 4520 00.
500 4461 560 4522 632
581 4467 739 4540 provocat,
760 4459 811 4522 ubi
833 4459 945 4538 πίστις
967 4458 1099 4546 ἀρχαία
1121 4462 1158 4522 ελ
1178 4459 1262 4520 lirrna
1283 4458 1371 4536 tides,
1394 4459 1462 4522 olim
1484 4460 1605 4541 antiqua
1627 4457 1734 4522 lutura.
1766 4459 1804 4523 Et
1818 4469 1905 4523 recte

309 4557 428 4640 quidem
457 4559 534 4640 apud
567 4559 760 4641 Sophoclem,
789 4559 840 4622 uhi
867 4556 964 4620 addito
993 4558 1122 4636 τέκνοις
1148 4559 1244 4620 statim
1266 4557 1440 4640 intelligitur
1461 4557 1537 4622 tides
1559 4559 1647 4620 etiarn
1669 4559 1799 4638 posteris
1821 4558 1905 4622 lirma

308 4675 457 4720 mansura.
503 4657 644 4720 Similiter
664 4659 769 4741 virgil.
790 4661 870 4722 Aen.
892 4657 912 4719 l.
935 4659 997 4720 292
1019 4657 1128 4735 „Ceno
1148 4655 1239 4717 Fides
1261 4663 1291 4718 et
1312 4657 1418 4734 Vesta,
1439 4656 1534 4720 Remo
1556 4655 1739 4720 cumfratre
1762 4657 1904 4731 Quirinus

309 4757 372 4817 iura
394 4757 537 4818 ἀείσατ’*
576 4756 636 4820 Sed
658 4758 735 4838 apud
757 4756 952 4838 Aeschylum,
975 4775 1065 4837 mum
1087 4757 1183 4818 omnis
1208 4755 1389 4834 posteritatis
1403 4755 1580 4839 significatio
1595 4755 1685 4832 absit,
1710 4753 1901 4818 scribendum

309 4852 427 4916 videtur
448 4853 616 4932 εὐκταῖον,
638 4863 845 4918 ornamentum
868 4853 923 4917 diis
944 4872 999 4934 pro
1021 4855 1145 4916 victoria
1166 4859 1276 4915 votum.
