4668 6040
264 1397 266 1402 Ι
292 1281 402 1382 Parvo
423 1323 618 1380 extamanrm
640 1330 729 1394 opum
751 1299 893 1394 apparatu
914 1331 966 1377 res
987 1329 1113 1396 magnas
1135 1311 1275 1390 efficere,
1305 1328 1394 1392 mum
1418 1312 1547 1374 inomni
1570 1319 1638 1376 arte
1657 1329 1791 1376 sununac
1812 1309 1890 1374 laudi

292 1425 325 1480 et
344 1415 531 1480 admirationi
552 1415 603 1491 sit,
625 1429 776 1494 quumque
799 1429 836 1474 ea
856 1429 891 1474 re
913 1412 1029 1495 ingenii
1049 1409 1224 1494 magnitudo
1246 1418 1277 1473 et
1291 1408 1382 1472 fontis
1396 1427 1438 1472 ex
1451 1410 1553 1472 intimo
1569 1409 1658 1472 animi
1671 1427 1800 1474 recessu
1814 1427 1890 1491 pro-

292 1513 412 1578 fluentis
438 1514 561 1576 ubertas
587 1511 772 1592 potissimum
797 1518 974 1590 censeatur,
1003 1528 1039 1574 ea
1068 1508 1205 1591 profecto
1230 1510 1295 1572 laus
1321 1517 1352 1572 et
1377 1507 1532 1572 admiratio
1558 1508 1590 1572 in
1615 1509 1767 1572 neminem
1795 1495 1892 1591 magis

292 1611 371 1676 cadit
397 1630 486 1694 quam
515 1611 636 1674 omnino
664 1611 695 1672 in
717 1607 902 1672 Graecorum
930 1615 1036 1691 poetas
1062 1609 1196 1691 tragicos
1222 1614 1253 1670 et
1273 1609 1452 1688 praesertim
1474 1608 1505 1670 iu
1526 1605 1721 1688 Aeschylum.
1764 1589 1838 1668 Na'm
1859 1615 1892 1670 ut
1943 1663 1946 1672 ,

291 1717 449 1794 poetarum
470 1709 657 1772 Graecorum
677 1725 732 1772 sua
753 1708 860 1789 cuique
883 1709 977 1770 virtus
999 1714 1046 1770 est
1068 1714 1099 1768 et
1119 1706 1317 1788 praestantia,
1339 1706 1378 1768 ita
1392 1723 1483 1768 nemo
1497 1705 1613 1768 illorum
1628 1712 1726 1768 motos
1740 1706 1771 1766 iu
1785 1706 1891 1768 animis

291 1808 458 1892 legentium
479 1808 609 1870 maiores
630 1807 747 1869 minore
768 1824 841 1870 usus
862 1825 965 1894 rerum
986 1813 1129 1888 apparatu
1151 1805 1277 1882 excitat,
1307 1821 1395 1886 quam
1415 1802 1596 1886 Aeschylus,
1640 1802 1727 1878 Quod
1749 1821 1839 1884 quum
1860 1803 1891 1864 in

292 1906 431 1970 omnibus
453 1907 520 1969 eius
540 1904 719 1989 tragoediis,
742 1913 803 1967 tum
825 1906 856 1966 in
878 1904 1007 1968 Orestes
1029 1913 1060 1968 et
1081 1904 1224 1986 imprimis
1245 1903 1277 1966 in
1299 1905 1365 1966 eius
1386 1903 1618 1986 Agamemnone
1633 1904 1785 1976 cernitur;
1807 1904 1892 1964 cuius
2001 1899 2007 1914 '

292 2023 329 2068 ea
358 2013 406 2068 est
433 2005 603 2087 argumenti
634 2003 818 2085 simplicitas,
846 2021 884 2066 ea
905 2005 937 2066 in
958 2022 1061 2066 rerum
1083 2021 1161 2084 quae
1183 2009 1315 2086 aguntur
1337 2000 1595 2082 expediendorum
1616 1999 1742 2064 facilitas
1764 2008 1794 2064 et
1815 1997 1892 2084 per-

292 2105 449 2184 spicuitas,
479 2121 516 2166 ea
538 2102 670 2184 denique
692 2119 906 2184 personarum,
934 2103 1040 2185 quihus
1062 2101 1214 2186 agendum
1236 2109 1297 2181 est,
1325 2101 1474 2183 paucitas,
1502 2107 1534 2162 ut
1555 2099 1675 2161 mireris
1697 2098 1812 2160 animos
1834 2105 1893 2160 tarn

292 2203 405 2284 exiguo
427 2209 569 2283 apparatu
590 2203 690 2264 teneri
711 2219 812 2280 posse.
846 2201 907 2266 Sed
929 2220 966 2266 ea
980 2209 1028 2266 est
1042 2220 1147 2266 rursus
1162 2218 1362 2282 personarum
1377 2200 1508 2262 varietas
1523 2215 1559 2260 ac
1574 2215 1689 2260 morum
1704 2203 1891 2278 naturaeque

293 2301 478 2384 singularum
499 2302 667 2382 proprietas
689 2307 720 2362 et
740 2301 869 2378 veritas,
898 2319 935 2364 ea
956 2319 1059 2364 rerum
1081 2319 1257 2384 magnamm
1283 2298 1320 2362 ab
1342 2298 1425 2361 initio
1449 2297 1651 2379 exspectatio,
1679 2313 1716 2358 ea
1738 2293 1892 2374 fortunae,

293 2416 371 2477 quas
393 2399 556 2460 laetissima
577 2397 748 2474 videbatur,
771 2399 800 2458 in
823 2416 912 2462 casus
933 2400 1136 2462 atrocissimos
1157 2399 1305 2480 paullatim
1324 2396 1502 2474 conversio,
1524 2402 1556 2458 ut
1576 2395 1692 2458 animus
1715 2395 1892 2474 spectatoris

292 2497 389 2558 statim
420 2505 487 2577 post
514 2497 628 2558 initium
658 2495 856 2560 sollicitudine
883 2495 1008 2561 allectus
1030 2515 1100 2560 mox
1122 2498 1154 2560 in
1175 2513 1295 2560 ornnem
1316 2503 1433 2576 partem
1454 2494 1633 2577 gravissime
1656 2501 1890 2556 corunoveatur.

290 2593 364 2658 Nam
386 2598 502 2658 animus
523 2598 554 2658 iu
576 2613 661 2676 spem
682 2596 753 2657 boni
775 2603 904 2660 eventus
925 2603 1050 2658 vocatus
1072 2603 1177 2678 atque,
1199 2597 1257 2658 etsi
1279 2601 1348 2658 sunt
1362 2612 1440 2676 quae
1460 2593 1497 2656 ab
1512 2593 1595 2656 initio
1610 2599 1761 2668 terreant,
1784 2609 1893 2675 magna

291 2693 404 2754 laetitia
431 2693 470 2754 ob
499 2695 666 2756 exercitum
695 2701 726 2757 et
751 2711 858 2776 regern
879 2696 1026 2758 victorem
1047 2703 1206 2776 receptum,
1225 2693 1367 2776 perfusus
1387 2709 1459 2755 mox
1480 2711 1521 2762 ex
1543 2691 1654 2754 laetitia
1676 2693 1706 2754 in
1729 2709 1892 2773 angorem,

291 2808 331 2851 ex
346 2807 464 2872 angore
478 2791 509 2854 in
524 2810 670 2856 aurnumnr
684 2800 796 2856 metum
809 2799 841 2854 et
853 2800 1006 2872 postremo
1022 2793 1053 2855 in
1067 2793 1179 2856 luctum
1193 2792 1365 2868 coniicitur,
1387 2793 1425 2853 ita
1442 2798 1474 2853 ut
1490 2789 1621 2870 denique
1637 2789 1743 2852 dolore
1759 2797 1789 2850 et
1805 2807 1892 2850 com-

290 2889 498 2964 miseratione,
520 2890 564 2950 ira
586 2907 621 2950 ao
643 2897 762 2951 terrore
786 2892 885 2952 omnia
906 2893 1102 2966 misceantur,
1125 2909 1166 2952 ex
1187 2891 1295 2970 quihus
1315 2906 1409 2950 unum
1424 2889 1570 2970 emergit,
1592 2905 1652 2968 quo
1667 2885 1734 2948 fere
1750 2889 1892 2950 necessi-

291 2992 351 3048 tate
382 2985 446 3066 ipsa
475 2983 663 3062 adducimur,
693 3002 764 3064 spes
793 2991 877 3046 certa
906 2992 937 3046 et
957 2987 1130 3066 persuasio,
1158 2985 1226 3046 fore
1247 2991 1280 3046 ut
1301 3001 1353 3048 res
1374 2983 1521 3044 humanae
1544 2985 1636 3044 etiam
1655 2985 1769 3046 numiui
1791 2982 1894 3046 divino

291 3099 382 3145 curae
407 3083 481 3159 sint,
503 3091 534 3145 et
555 3099 653 3163 poena
676 3081 767 3164 digna
789 3083 839 3162 qui
861 3091 1106 3146 commeruerunt
1126 3083 1303 3163 plectantur.
1337 3081 1496 3156 Quaeres
1517 3087 1616 3144 tantae
1639 3090 1757 3164 tamque
1780 3099 1892 3164 graves

291 3199 381 3262 quum
403 3199 459 3260 per
481 3199 515 3242 se
538 3182 680 3242 iuvenum
702 3180 818 3240 animos
839 3179 1040 3242 vehementer
1060 3188 1266 3258 commovent,
1295 3188 1355 3243 tum
1377 3181 1549 3263 simplicitas
1571 3181 1634 3259 illa,
1662 3181 1699 3244 de
1722 3200 1780 3263 qua
1803 3201 1892 3264 supra

291 3279 433 3356 diximus,
455 3280 485 3342 in
507 3279 609 3359 primis
631 3279 719 3340 allicit
740 3295 775 3338 ac
797 3285 889 3340 tenet.
930 3277 1036 3360 Neque
1059 3280 1139 3342 enirn
1161 3278 1323 3360 quidquam
1342 3289 1403 3358 est,
1426 3280 1510 3362 quod
1527 3281 1652 3344 iuvenili
1674 3283 1773 3343 animo
1796 3283 1892 3364 magis

291 3376 441 3440 conducat
461 3386 493 3440 et
514 3378 690 3454 conveniat,
713 3395 800 3458 quam
823 3395 925 3440 rerum
946 3395 1121 3460 magnarum
1143 3379 1280 3442 varietati
1301 3381 1461 3442 coniuncta
1484 3380 1667 3460 simplicitas,
1690 3398 1747 3460 qua
1770 3379 1800 3444 fit
1815 3388 1847 3442 ut
1862 3389 1892 3444 et

292 3493 405 3539 somma
435 3477 525 3540 totius
553 3477 691 3557 corporis
719 3483 750 3539 et
778 3475 980 3538 membrorum
1009 3477 1094 3558 quasi
1116 3477 1246 3554 articuli,
1278 3475 1386 3558 quibus
1408 3477 1545 3561 singulae
1567 3485 1669 3558 partes
1691 3477 1892 3556 cohaereant,

292 3572 379 3638 facile
401 3583 503 3638 mente
525 3573 829 3656 comprehendantur.
873 3575 957 3650 Quae
979 3594 1070 3638 causa
1092 3575 1146 3640 fuit
1166 3593 1221 3639 cur
1243 3593 1335 3657 saepe
1357 3577 1519 3640 iuvenibus
1540 3577 1782 3657 provectioribus
1803 3595 1895 3640 anam

292 3693 333 3736 ex
354 3673 499 3756 Aeschyli
520 3673 686 3756 tragoediis
707 3673 890 3736 tractandam
912 3692 1130 3756 proponerem,
1152 3675 1203 3737 vel
1223 3673 1433 3738 Prometheum
1454 3676 1504 3738 vel
1520 3673 1708 3748 Eumenides
1730 3675 1779 3738 vel
1802 3675 1891 3759 Aga-

291 3788 497 3849 memnonem,
519 3772 599 3836 hunc
620 3780 719 3834 autem
740 3773 923 3853 potissimum
945 3790 986 3834 ex
1007 3789 1070 3853 quo
1089 3781 1227 3854 ternpore
1242 3771 1358 3856 Engeri
1379 3773 1417 3836 ad
1438 3773 1560 3836 scholae
1580 3792 1666 3836 usum
1681 3776 1752 3836 satis
1768 3792 1892 3836 accom-

291 3870 409 3936 modata
431 3869 539 3952 prodiit
560 3871 661 3935 editio.
693 3871 859 3953 Numquam
881 3889 957 3936 vero
979 3871 1141 3952 discipulos
1159 3873 1191 3934 in
1209 3889 1245 3934 ea
1265 3871 1396 3936 lectione
1415 3871 1596 3954 languentes
1611 3871 1685 3950 vidi,
1707 3872 1893 3936 haesitantes

292 3974 391 4030 autem
412 3969 513 4032 multis
531 3969 562 4030 in
584 3969 658 4031 locis
680 3977 712 4032 et
732 3971 939 4050 praeceptoris
961 3971 1101 4034 auxilium
1124 3977 1338 4052 exspectantes
1359 3987 1589 4050 saepenumero.
1624 3969 1698 4032 Nam
1714 3989 1819 4032 verum
1835 3979 1892 4056 est,

292 4065 373 4147 quod
394 4067 545 4130 nonnullis
566 4065 606 4130 do
627 4067 781 4149 Aeschylo
803 4086 871 4132 cum
892 4069 1043 4150 discipulis
1058 4071 1284 4153 gymnasiomm
1299 4067 1432 4152 legendo
1447 4066 1660 4130 dubitationem
1676 4070 1780 4144 movit,
1803 4069 1892 4142 molta

292 4167 322 4226 in
345 4181 384 4228 eo
406 4167 536 4246 reperiri
557 4165 665 4248 quihus
687 4167 814 4230 iuvenes
837 4176 943 4250 suopte
965 4171 1091 4252 ingenio
1113 4167 1292 4248 superandis
1306 4169 1365 4232 sint
1379 4169 1518 4249 impares.
1553 4165 1614 4230 Sed
1629 4174 1661 4230 ut
1675 4168 1705 4230 in
1721 4167 1786 4230 aliis
1800 4167 1892 4230 rebus

292 4264 499 4344 praeceptoris
521 4271 569 4326 est
590 4263 742 4345 discipulis
763 4265 966 4330 laborantibus
988 4285 1185 4345 succurrere,
1218 4270 1262 4330 sic
1283 4268 1372 4332 etiam
1393 4265 1548 4347 Aeschylo
1570 4283 1692 4347 opermn
1714 4267 1893 4330 navantibus

293 4363 324 4422 in
345 4361 471 4443 singulis
492 4361 672 4425 lectionibus
694 4371 763 4426 sunt
784 4365 1065 4446 praeministranda,
1088 4385 1165 4448 quae
1187 4368 1218 4428 in
1240 4367 1404 4447 proximam
1426 4381 1575 4445 quamque
1589 4364 1751 4428 lectionem
1766 4365 1802 4427 iis
1817 4382 1893 4445 pro-

293 4460 361 4526 sint.
393 4458 540 4522 Nonnulla
561 4462 774 4541 praecipienda
796 4472 878 4542 sunt,
900 4465 931 4526 in
952 4465 1017 4528 aliis
1038 4467 1117 4527 viam
1138 4471 1249 4526 tardum
1272 4470 1458 4526 monstrasse
1479 4461 1620 4540 sufficiet,
1642 4481 1701 4526 nec
1715 4463 1890 4543 poenitebit,

292 4558 343 4620 uhi
358 4559 529 4620 necessitas
543 4558 647 4638 fuerit,
669 4560 719 4622 vel
733 4561 858 4625 aliorum
872 4562 922 4625 vel
937 4581 1008 4626 suas
1023 4565 1214 4626 coniecturas
1228 4561 1373 4639 dictasse,
1387 4561 1418 4622 in
1433 4560 1541 4642 quihus
1555 4559 1750 4624 diiudicandis
1765 4563 1893 4624 iuvenes

293 4663 324 4718 et
352 4657 435 4718 vires
465 4667 632 4722 exerceant
660 4666 690 4721 et
718 4659 766 4722 hic
794 4660 854 4723 illic
881 4659 1051 4724 difficultate
1073 4660 1202 4724 feliciter
1224 4667 1363 4742 superata
1385 4659 1514 4722 dacrius
1534 4658 1775 4743 progrediantur.
1818 4659 1892 4720 Nam

293 4753 418 4833 plurima
439 4762 506 4835 post
527 4755 749 4836 Webauerum,
771 4760 860 4821 multo
882 4767 949 4840 post
972 4759 1176 4826 hermannum
1198 4759 1353 4822 restabant
1373 4760 1404 4824 in
1425 4767 1535 4840 poetae
1557 4760 1659 4822 verbis
1681 4761 1730 4822 vel
1751 4757 1825 4821 falsa
1842 4759 1892 4820 vel

293 4851 437 4928 obscura,
469 4872 547 4934 quae
576 4858 632 4918 etsi
661 4858 796 4920 certatim
825 4851 882 4918 hoo
911 4858 976 4937 ipso
998 4859 1149 4921 sexennio
1171 4857 1278 4920 tollere
1301 4856 1479 4921 studuerunt
1499 4859 1556 4920 viri
1579 4858 1740 4920 doctissimi
1763 4865 1793 4919 et
1814 4875 1895 4920 vcro
