4668 6040
990 491 1236 562 „13-

645 685 709 748 κὰν
730 679 843 748 τοῖσδε
863 679 1009 769 κόσμοις
1031 684 1309 769 καταγελωμένην
1329 680 1417 767 μέγα

645 781 754 863 φίλων
774 779 844 860 ὑπ’,
866 780 1007 867 έχδριόν
1028 782 1070 847 οὑ
1091 778 1328 868 διχορρόπως,
1349 777 1469 865 μάτην.

317 886 367 948 Sic
393 886 492 946 eiecto
520 878 556 945 δὲ
581 888 649 962 post
670 877 884 960 ἐποπτεύσας
905 900 972 944 cum
993 881 1118 964 Engero
1140 879 1332 944 scribendum
1354 886 1439 960 puto,
1469 894 1645 958 quamquam
1667 877 1705 939 ab
1726 879 1792 942 eius
1814 881 1912 943 inter-

315 984 483 1065 pretatione
506 978 639 1041 discedo.
671 977 747 1041 Nam
768 987 875 1042 ornatu
896 981 973 1042 vatis
988 997 1054 1042 cam
1068 997 1149 1042 nunc
1164 980 1249 1042 exuit
1263 977 1386 1060 Apollo,
1408 993 1470 1038 non
1485 977 1573 1056 quio,
1599 975 1654 1038 sed
1668 979 1913 1057 qaemodntodum

316 1088 418 1156 antea,
442 1096 509 1140 cum
531 1076 640 1140 'lroiae
662 1083 758 1153 esset,
780 1095 846 1140 eam
867 1077 950 1139 vultu
972 1079 1092 1140 immoto
1113 1095 1220 1158 passus
1242 1084 1289 1139 est
1311 1072 1554 1155 (ὑπώπτευσεν)
1576 1073 1679 1137 rideri.
1716 1075 1780 1137 Nec
1801 1073 1914 1161 μάτην

316 1197 384 1241 oum
406 1172 636 1254 ἐποπτεύσας,
658 1175 713 1238 sed
735 1194 801 1237 cum
823 1176 1099 1262 καταγελωμένην
1120 1184 1168 1240 est
1182 1173 1376 1259 iungendum.
1414 1171 1638 1236 Schneidewini
1653 1180 1752 1235 autem
1766 1177 1914 1239 rationem

316 1278 403 1360 plane
427 1293 487 1337 non
509 1274 659 1356 intelligo,
682 1282 713 1336 et
734 1273 839 1336 salsum
860 1281 932 1355 puto
953 1274 1032 1355 quod
1055 1281 1201 1336 commate
1222 1280 1291 1355 post
1310 1271 1448 1359 ἐχθράν
1467 1273 1564 1352 posito
1584 1271 1680 1334 verba
1694 1269 1736 1336 οὑ
1752 1270 1915 1358 διχορῤό-
1940 1349 1951 1364 ,

317 1397 391 1453 πως
412 1370 524 1460 μάτην
545 1372 624 1434 idem
646 1391 715 1434 esse
737 1373 813 1450 vult,
835 1371 913 1453 quod
936 1373 984 1450 ὠς
1005 1370 1048 1436 οὐ
1069 1369 1290 1457 διχοῤῥόιτως
1310 1368 1470 1456 ματαίαν,
1489 1377 1658 1452 ,tanquam
1680 1371 1839 1435 manifesto
1854 1373 1914 1436 de-

317 1474 483 1536 mentem“.
527 1470 593 1532 Hoc
620 1472 663 1533 sic
685 1478 797 1533 tantum
819 1471 937 1548 liceret,
967 1473 992 1532 si
1014 1469 1159 1533 adverbio
1180 1467 1292 1555 μάτην
1312 1467 1461 1531 adiectum
1484 1475 1567 1530 esset
1587 1463 1775 1552 λέγουσαν,
1795 1469 1916 1535 θεσπί-

318 1571 459 1652 ζουσαν,
481 1570 531 1632 vel
553 1569 657 1632 simile.
694 1567 786 1630 lmmo
807 1587 917 1632 sensus
937 1569 986 1632 bic
1007 1577 1071 1632 est:
1095 1563 1203 1649 ,exirit
1223 1587 1272 1632 me
1293 1585 1374 1630 nnnc
1396 1573 1503 1629 ornatu
1524 1565 1600 1630 deus
1621 1569 1701 1648 ipre,
1723 1571 1773 1650 qui
1794 1587 1842 1631 me
1858 1571 1915 1632 iam

317 1677 392 1744 tum,
415 1687 482 1732 eunt
504 1669 584 1730 inter
605 1667 752 1730 Troianos
774 1685 858 1730 meos
878 1667 998 1749 quidem
1021 1671 1105 1730 cives
1127 1667 1182 1731 sed
1203 1674 1308 1750 aperte
1330 1667 1466 1728 inimicos
1487 1683 1645 1744 versarer,
1672 1665 1787 1746 placide
1808 1687 1916 1749 passus

319 1775 366 1830 est
394 1769 437 1829 sic
464 1774 600 1829 ornatam
621 1765 758 1846 explodi,
787 1767 920 1846 quamvis
942 1767 1124 1844 immerito,“
1155 1769 1225 1847 quia
1246 1783 1321 1830 vera
1342 1763 1431 1827 fidem
1452 1781 1549 1846 usque
1572 1763 1773 1829 abnuentibus
1796 1767 1866 1830 mibi
1887 1775 1918 1830 et

320 1867 438 1928 inimice
461 1865 699 1928 conviciantibus
719 1865 912 1928 vaticinabor.

404 2017 493 2078 1250.
530 2013 670 2078 Orestem
699 2013 856 2096 aliquando
885 2013 922 2076 ab
952 2015 1043 2077 exilio
1072 2013 1198 2078 reducet
1226 2011 1404 2100 ὑπτίασμα
1430 2011 1588 2100 κειμένου
1616 2013 1764 2096 πατρός,
1801 2019 1831 2080 in
1858 2036 1918 2098 quo

321 2111 497 2198 ὑπτίασμα
512 2133 616 2175 casnm
631 2113 803 2197 significare
818 2113 935 2190 volunt,
958 2114 1028 2176 satis
1044 2116 1140 2176 otiose
1156 2111 1233 2195 apud
1248 2112 1414 2199 κειμένου.
1445 2112 1545 2174 Possis
1561 2113 1714 2174 conlisere
1730 2111 1918 2201 ὀρθίασμα,

319 2219 352 2274 ut
377 2209 555 2274 vociferatio
584 2214 676 2293 patris
703 2214 733 2274 in
756 2211 850 2274 caede
872 2211 951 2274 edita
973 2213 1123 2294 cogitetur
1145 2230 1162 2272 a
1184 2211 1281 2274 Furiis
1303 2219 1432 2292 excepta
1455 2218 1486 2272 et
1507 2209 1544 2272 nd
1565 2209 1656 2272 lilium
1677 2213 1799 2274 exttlem
1820 2213 1918 2276 delata

321 2331 400 2373 esse.
445 2311 505 2374 Sed
528 2311 704 2397 ὑπτίασμα
723 2317 933 2394 repraesentat
954 2311 1115 2394 imaginem
1136 2311 1271 2391 resupini
1293 2318 1324 2372 et
1345 2327 1464 2386 manus,
1486 2309 1593 2390 quibus
1614 2310 1730 2372 ultores
1751 2314 1837 2392 qussi
1858 2314 1917 2374 im-

320 2409 429 2488 plorat,
453 2411 647 2493 porrigentis.
678 2408 831 2472 llom.0d.
844 2409 899 2486 Xl,
915 2411 985 2470 423.
1018 2404 1238 2490 οἰκτροτάτην
1260 2404 1288 2471 δ’
1306 2407 1442 2492 ἤκουσα
1456 2407 1526 2472 ὄντα
1538 2403 1717 2492 Πριάμοιο
1730 2408 1917 2493 θυγατρός,

321 2503 576 2590 Κασσάνδρης,
598 2507 658 2589 την
679 2507 785 2573 κτεῖνε
806 2503 1096 2592 Κλυταιμνήστρη
1119 2502 1303 2592 δολόμητις
1323 2503 1407 2590 ἀμφ’
1425 2503 1510 2590 ἐμοί.
1534 2503 1643 2586 αὐτάρ
1664 2506 1727 2590 ἐγὼ
1750 2506 1827 2572 ποτὶ
1840 2505 1918 2590 γαίη

323 2605 448 2688 χεῖρας
472 2603 596 2686 ἀείρων
616 2602 744 2685 βάλλον
764 2601 995 2688 ἀποθνήσκων
1017 2603 1095 2686 περὶ
1117 2602 1295 2688 φασγάνῳ.

407 2751 495 2810 lact.
532 2747 596 2814 οὐκ
618 2751 682 2814 ἔστ’
706 2747 842 2833 ἄλυξις,
864 2749 920 2829 σά,
942 2746 1047 2832 ξένοι,
1068 2748 1184 2836 χρόνῳ
1207 2751 1328 2814 πλέων.
1360 2749 1410 2812 Sic
1431 2749 1512 2832 vulg.
1536 2749 1649 2823 Quodsi
1663 2768 1731 2814 cum
1746 2751 1919 2814 llertnanno

323 2846 463 2908 scribitur
482 2843 611 2932 χρόνον
630 2848 737 2922 πλέω,
762 2852 814 2910 vix
832 2857 900 2926 apte
922 2849 1054 2909 aGboro
1074 2848 1277 2926 respondetur
1299 2844 1364 2911 ὁδ’
1381 2843 1528 2924 ὕστατός
1542 2869 1579 2928 γε
1593 2849 1655 2912 τοὺ
1668 2847 1802 2932 χρόνου
1816 2871 1920 2930 αρισ-

323 2939 466 3022 βεὺεται.
493 2943 569 3006 Nam
589 2942 665 3005 baec
686 2943 780 3004 verba
802 2949 851 3004 aut
872 2959 976 3022 parum
997 2948 1083 3003 recte
1105 2941 1255 3002 intellecta
1278 2948 1328 3001 aut
1348 2939 1459 3002 frustra
1477 2948 1589 3002 tentata
1605 2941 1783 3023 explicanda
1798 2947 1919 3007 suntad

322 3041 469 3102 rationem
490 3040 636 3120 formulae
657 3038 680 3121 ἡ
703 3038 824 3121 ἀρίστη
843 3040 905 3121 τῆς
920 3040 1001 3122 γῆς,
1023 3036 1177 3116 ὀλοιττὸς
1192 3037 1253 3101 τοὺ
1266 3033 1400 3122 χρόνου
1414 3037 1526 3121 (llrtig.
1541 3041 1591 3102 dl.
1608 3042 1657 3103 28.
1675 3044 1736 3117 n),
1757 3051 1790 3104 ut
1804 3043 1919 3106 Chorus

322 3138 415 3202 dicat:
432 3138 492 3216 ,Aa
505 3139 605 3200 ultima
620 3139 700 3200 vitas
715 3145 784 3199 ante
798 3145 926 3200 mortem
941 3136 1015 3198 bora
1029 3135 1145 3217 plurimi
1160 3137 1311 3198 aestimari
1326 3135 1434 3198 solet.“
1456 3136 1558 3218 ltaque
1573 3147 1706 3219 apparet,
1722 3140 1918 3204 Cassandram

323 3238 401 3300 banc
415 3235 480 3300 lere
497 3238 676 3300 senteutiam
690 3235 839 3300 edidisse:
863 3254 973 3317 ,quum
988 3233 1131 3318 elingium
1146 3251 1209 3296 non
1224 3235 1275 3311 sit,
1294 3234 1326 3295 in
1340 3233 1485 3297 morando
1500 3235 1572 3298 nibil
1585 3235 1660 3300 lucri
1675 3237 1795 3300 video.“
1825 3239 1918 3321 ldque

322 3336 510 3416 assequeris,
531 3336 556 3398 si
576 3335 735 3417 scripseris
754 3334 808 3400 σά·
824 3333 854 3398 τί
867 3355 928 3419 μοι
941 3329 1059 3419 χρόνῳ
1075 3330 1194 3405 niden
1215 3332 1315 3413 Atque
1330 3333 1360 3394 in
1375 3331 1433 3394 boo
1447 3350 1566 3414 genere
1581 3337 1797 3399 sententiarum
1812 3339 1918 3400 incisio

322 3435 352 3495 in
372 3452 463 3496 versu
483 3433 582 3496 medio
602 3441 649 3496 est
668 3434 808 3516 legitima.

613 3533 699 3595 1280.
856 3533 927 3610 Ἰώ,
948 3529 1049 3616 ξένοι.

736 3631 841 3719 Qr'r'roi
862 3629 1004 3711 δυσοίζω
1025 3628 1161 3717 δάμιον
1181 3631 1227 3710 aig
1249 3630 1360 3715 ὄρνις,
1382 3631 1482 3715 φόβῳ

736 3731 857 3810 άλλως.
880 3726 1039 3813 δανοόση
1060 3729 1263 3814 μαρτυρεῖτέ
1284 3751 1344 3815 μοι
1366 3729 1455 3806 τόδε,

735 3825 816 3892 ὅταν
833 3828 916 3911 γυνὴ
937 3826 1097 3912 γυναικὸς
1121 3826 1186 3891 ἀντ’
1211 3831 1297 3913 ἐμοῦ
1316 3826 1423 3912 δάνῃ,

733 3923 819 4008 ἀνήρ
840 3949 874 3990 τε
896 3923 1137 4010 δνςδάμαρτσς
1160 3925 1225 3990 ἀντ’
1250 3923 1378 4008 ἀνδρὸς
1399 3926 1497 4009 πέσῃ.

322 4025 387 4087 Non
403 4033 473 4106 puto
488 4035 573 4088 recte
590 4026 644 4087 bos
658 4043 767 4088 versus
782 4043 798 4086 a
814 4023 1047 4088 Schneidewino
1061 4026 1230 4088 intellectos
1245 4043 1329 4102 esse,
1345 4043 1435 4106 quurn
1450 4025 1542 4088 vellet
1556 4025 1613 4088 bno
1629 4027 1747 4089 inesse:
1769 4029 1917 4089 testamini

322 4122 401 4198 mibi,
414 4123 593 4206 intrepidam
608 4143 656 4187 me
668 4133 794 4187 mortem
806 4123 928 4187 obiisse.
949 4123 1024 4186 Nam
1036 4123 1094 4186 boc
1105 4125 1129 4185 si
1141 4131 1263 4202 statuas,
1278 4141 1388 4186 versus
1399 4131 1563 4204 sequentes
1574 4124 1724 4205 quomodo
1736 4143 1803 4187 cum
1815 4125 1917 4188 verbis

321 4222 522 4302 μαρτυρεῖτέ
536 4245 597 4308 μοι
616 4219 692 4289 τόδε
707 4223 903 4301 cohaereant,
922 4225 1044 4286 omnino
1058 4239 1120 4283 non
1134 4223 1236 4303 liquet.
1260 4221 1373 4284 Verum
1387 4223 1556 4283 rectissime
1568 4230 1637 4285 anta
1648 4222 1704 4285 bos
1716 4223 1915 4306 quadraginta

322 4317 556 4384 annosOrellius
570 4329 674 4384 noster
688 4330 906 4404 proposuerat:
923 4320 991 4385 ἀλλ’
1010 4319 1057 4400 ὡς
1069 4359 1083 4370 -
1094 4320 1300 4406 μαρτυρῆτε,
1315 4321 1364 4382 σοι
1374 4339 1452 4384 unus
1464 4319 1645 4404 suffragatus
1656 4331 1703 4385 est
1715 4323 1916 4387 Tbierscbius.

321 4416 427 4481 Naxus
441 4421 522 4482 enim
537 4422 753 4484 sententiarum
769 4421 817 4484 bic
832 4428 895 4484 est:
919 4419 1085 4500 ,bospites,
1108 4437 1198 4500 quum
1213 4435 1270 4480 vos
1285 4418 1342 4496 λά,
1361 4413 1467 4501 ξένοι,
1486 4419 1610 4496 invoco,
1630 4419 1659 4482 id
1674 4437 1735 4484 non
1750 4421 1828 4483 lacio
1842 4439 1916 4503 prae

321 4519 430 4580 timore
445 4526 476 4580 ut
490 4519 555 4582 avis
565 4519 728 4602 virgultum
740 4521 854 4584 intrare
865 4519 1032 4601 trepidans,
1054 4517 1110 4582 sed
1125 4517 1195 4580 mibi
1208 4519 1357 4580 testamini
1371 4517 1429 4579 hoc
1444 4514 1553 4595 (τόδε,
1568 4518 1693 4581 caedem
1705 4525 1820 4596 meam)
1835 4528 1915 4596 tunc,

322 4635 389 4680 curn
403 4615 514 4680 femina
529 4636 585 4699 pro
600 4617 712 4681 lemine
726 4627 757 4682 et
770 4621 817 4696 vir
831 4636 886 4700 pro
901 4621 968 4682 viro
983 4619 1102 4682 occisus
1117 4619 1203 4680 σιλλίς
1226 4616 1324 4700 llogat
1334 4617 1415 4679 enim
1427 4615 1571 4694 liborum,
1586 4617 1788 4699 utaliquando
1799 4620 1829 4681 in
1841 4635 1915 4681 cae-

322 4713 408 4778 dibus
423 4716 680 4799 Clytaemnestrae
700 4725 730 4781 et
745 4717 884 4801 Aegisthi
905 4717 1111 4794 meminerint,
1131 4715 1160 4778 id
1179 4717 1287 4778 merito
1305 4715 1371 4778 lieri
1390 4716 1595 4798 ultionemque
1614 4715 1744 4781 debitam
1760 4725 1790 4780 et
1803 4719 1871 4799 regi
1886 4725 1918 4779 et

322 4811 378 4876 sibi
391 4821 462 4876 tunc
477 4815 620 4896 persolvi.
641 4814 716 4878 llam
730 4816 853 4878 inultum
868 4823 935 4897 post
950 4823 1076 4878 mortem
1091 4815 1235 4879 oblivioni
1248 4813 1325 4878 tradi
1336 4813 1547 4898 gravissimum
1558 4812 1723 4878 videbatur.
1745 4813 1813 4876 lton
1824 4814 1916 4898 igitur

321 4919 368 4974 est
387 4929 442 4976 cur
460 4931 527 4976 cum
547 4913 672 4998 lingero
691 4909 772 4979 ὅταν
790 4915 821 4977 in
842 4914 905 4980 ἔστ’
928 4914 971 4978 ἄν
989 4922 1136 4990 mutetur3
1158 4912 1214 4977 sed
1232 4915 1258 4978 si
1272 4915 1339 4998 quis
1352 4915 1403 4978 vel
1417 4909 1494 4980 uida
1507 4915 1538 4976 in
1553 4909 1627 4980 τότε
1639 4915 1746 4978 mutari
1759 4913 1845 4992 velit,
1866 4914 1917 4977 vel
