4668 6040
979 549 1236 622 ...τ-.,

290 743 432 830 „aedes“
455 749 700 827 interpretantes.
734 742 986 808 Schneidewinus
1006 750 1107 808 autem
1123 739 1355 828 χρυσόπαστα
1369 743 1501 824 ineptum
1515 743 1634 808 aedium
1647 719 1802 831 epitheton
1814 757 1886 810 esse
1924 767 1939 828 a

291 848 465 930 intellgens
488 844 628 925 ,sellus“
652 861 722 908 esse
744 843 820 922 vult,
842 861 902 906 nec
922 849 1113 906 tamencum
1134 841 1387 924 significationem
1409 837 1506 906 adbuc
1526 844 1660 926 ignium
1680 842 1817 908 firmavit,
1848 849 1890 908 nt

289 942 400 1012 έσδλά
421 951 490 1008 sunt
510 943 590 1006 bona
611 943 708 1005 omnis
730 943 870 1026 generis,
892 941 940 1004 bic
961 947 1074 1020 numm,
1096 939 1148 1002 ubi
1167 939 1249 1004 bona
1269 940 1375 1003 domus
1390 939 1489 1004 divitis
1504 941 1581 1004 intra
1594 943 1741 1023 parietes,
1753 942 1793 1006 'id
1807 942 1889 1024 quot

289 1053 352 1108 tota
378 1042 563 1124 antistropha
582 1041 693 1119 docet,
723 1039 943 1124 significantur,
972 1047 1041 1104 sunt
1068 1037 1174 1102 domus
1205 1045 1395 1117 ornamenta,
1423 1040 1576 1103 lacunaria
1605 1049 1720 1120 aurata,
1740 1043 1888 1124 supellex

279 1145 435 1225 pretiosa,
463 1143 559 1204 vestis
587 1140 721 1223 stragnda
746 1155 819 1203 euro
841 1140 929 1220 picta.
973 1137 1101 1203 Servata
1122 1139 1215 1220 igitur
1236 1135 1346 1202 ἐσθλά
1367 1136 1406 1199 de
1428 1137 1551 1220 stropha
1571 1137 1748 1218 videndum,
1776 1143 1807 1202 in
1828 1157 1887 1222 qua

289 1238 397 1322 νεαρά
417 1241 546 1302 abenum
568 1257 639 1302 esse
661 1246 692 1302 ct
713 1257 732 1301 ο
752 1237 956 1320 praecedente
979 1233 1166 1316 νεάζονσαν
1187 1243 1286 1300 ortum
1308 1253 1414 1299 omues
1429 1245 1514 1302 recte
1530 1237 1747 1324 iudicaverurp.
1779 1238 1886 1320 Neque
1951 1255 1953 1259 ·

290 1341 379 1402 etiam
401 1337 439 1400 de
463 1339 627 1414 sententia,
649 1355 726 1418 qtrae
748 1339 779 1400 in
800 1337 903 1400 vorbis
924 1337 981 1400 illis
1002 1337 1106 1400 inesse
1128 1334 1252 1413 debeat,
1274 1334 1416 1398 dubitatio
1438 1355 1509 1399 esse
1532 1345 1641 1418 potest.
1678 1335 1785 1399 Omnia
1806 1338 1886 1400 enim

289 1438 330 1500 tta
351 1443 420 1499 sunt
441 1442 625 1516 comparata,
646 1443 679 1498 ut
699 1436 876 1498 necessario
896 1433 964 1496 fere
985 1434 1044 1519 bor·
1065 1433 1201 1496 dicatur:
1223 1433 1365 1496 violentia
1386 1451 1496 1498 novam
1510 1437 1587 1516 parit
1602 1436 1773 1498 violentiam
1789 1437 1887 1498 serius

290 1535 389 1611 ocius,
410 1547 502 1615 quum
522 1541 625 1597 certus
646 1532 712 1596 dies
732 1534 853 1596 venerit
873 1527 1035 1596 discrimen
1056 1531 1211 1596 adducens
1232 1532 1296 1594 irue
1317 1533 1539 1596 reviviscentis.
1572 1533 1676 1614 ltaque
1697 1535 1728 1596 in
1749 1541 1887 1615 promptu

290 1641 337 1696 eet
358 1620 522 1696 loeum'sic
543 1632 719 1716 reingere:
1303 1713 1306 1718 Ι
1415 1645 1417 1649 ·

843 1711 906 1778 τότ’
929 1712 952 1796 ἢ
973 1709 1049 1790 τότ’,
1071 1713 1114 1776 ἂν
1133 1710 1170 1776 τὸ
1190 1707 1311 1793 κύριον

844 1809 938 1898 μόλῃ
959 1810 1033 1876 νέον
1055 1808 1150 1892 φάος
1172 1806 1291 1886 κότον,
1337 1871 1340 1882 ,

289 1927 340 1990 vel
368 1927 431 1989 sic:
464 1924 555 2012 μόλῃ
584 1925 679 2008 φάος
708 1925 923 2010 παλίγκοτον,
940 1909 999 2000 Ιὀιιί
1025 1927 1082 1988 iam
1104 1932 1226 1988 servato
1248 1921 1358 1990 ἐσδλά
1379 1923 1417 1988 ad
1438 1927 1578 1992 amussim
1598 1925 1787 2007 respondent
1807 1930 1888 1990 auti·
2005 1941 2009 1952 ·

291 2033 353 2088 stro
373 2025 449 2088 hica.
1493 2039 1496 2048 ·
1610 2079 1612 2082 .

355 2044 373 2107 p
659 2107 728 2170 768.
762 2103 855 2186 ὅστις
878 2103 906 2170 δ’
931 2103 1063 2190 ἀγαθὸς
1084 2103 1394 2190 προβατογνώμων,
1711 2093 1718 2104 ”

765 2202 921 2268 οὐκέστι
941 2203 1061 2269 talete
1082 2202 1221 2290 ὄμματα
1241 2200 1374 2284 φωτός,
1507 2209 1509 2214 ’

764 2300 806 2364 τὰ
829 2300 980 2368 δοκοῦντ’
1002 2302 1178 2384 εὔφρονος
1200 2298 1412 2380 ἐκ-διανοιάς

680 2437 683 2443 ·
762 2398 890 2481 ὑδαρεῖ
907 2399 1032 2466 σαίνειν
1053 2396 1220 2482 φιλότητι.

293 2514 446 2578 simulatio
474 2512 554 2576 baud
581 2510 663 2575 fellet
691 2515 801 2592 virum,
830 2516 881 2596 qui
906 2532 1009 2578 mores
1031 2515 1182 2578 bominum
1202 2515 1332 2578 noverit
1376 2512 1463 2578 lluttc
1486 2531 1609 2582 sensum
1630 2515 1794 2579 verborum
1815 2534 1887 2579 esse
2030 2599 2035 2609 .

290 2611 406 2675 debere
433 2619 523 2692 patet.
559 2611 671 2675 Verum
697 2609 736 2674 dc
758 2620 908 2677 structura
929 2614 1078 2676 dissensio
1100 2621 1161 2691 ert,
1188 2629 1317 2694 canique
1339 2613 1423 2675 varie
1446 2605 1620 2694 expediunt.
1660 2615 1765 2678 Liceat
1785 2617 1889 2696 paucis
1987 2671 1991 2680 .

291 2709 409 2786 dicere,
431 2708 501 2790 quiid
522 2709 592 2772 mdri
613 2709 759 2774 videatur.
793 2708 908 2792 φωτός
926 2730 989 2775 non
1010 2711 1048 2775 ad
1069 2708 1383 2796 αραβατσγνιίμσνα
1402 2709 1522 2789 refero,
1543 2711 1599 2775 sed
1621 2713 1822 2778 simtdatorem
1837 2715 1888 2778 in-

291 2807 384 2870 dicari
405 2815 490 2888 puto,
513 2809 598 2870 cuius
620 2827 661 2871 ex
682 2811 776 2871 ocrrlis
797 2818 929 2872 ruentem
949 2809 1053 2873 falsam
1074 2809 1161 2872 lacile
1184 2815 1350 2892 cognoscat
1371 2811 1418 2872 vir
1439 2810 1518 2872 vitae
1540 2809 1692 2874 bominum
1710 2829 1887 2893 morumque

291 2907 415 2986 peritus.
449 2905 523 2968 l'unr
544 2905 587 2970 ui
609 2902 758 2970 δοκοῦντ’
780 2909 812 2968 in
835 2906 858 2970 ἃ
880 2905 1027 2972 δοκοῦντ’
1048 2909 1171 2970 mutavit
1191 2908 1350 2988 llantung,
1363 2906 1407 2970 τά
1427 2908 1584 2970 relativum
1605 2928 1677 2972 esse
1698 2911 1889 2995 wittingen,

290 3011 419 3084 uterque
441 3019 497 3083 pro
520 3001 647 3066 σαίνειν
670 3003 807 3064 scribens
822 3001 939 3066 σαίνει.
969 3002 1035 3064 Νεο
1049 3010 1150 3064 tumen
1164 3005 1208 3063 sic
1223 3005 1320 3064 omnis
1334 3002 1490 3064 discutitur
1504 3005 1681 3068 obscuritas.
1716 3007 1888 3072 Schneide-

292 3103 390 3164 winus
411 3119 430 3164 e
452 3098 582 3165 σαίνειν
603 3099 833 3182 subintelllgens
847 3096 1007 3162 σαίνοντα
1021 3107 1053 3162 et
1066 3105 1246 3162 stmrcturam
1261 3101 1304 3163 sic
1318 3100 1496 3163 instituens:
1517 3099 1561 3166 τὰ
1579 3098 1746 3168 δοκοῦντα
1759 3103 1887 3170 σαίνειν

290 3199 464 3280 εὔφρονος
495 3201 533 3261 ἐκ
562 3195 731 3275 διανοίας,
761 3194 918 3260 σαίνοντα
944 3192 1073 3278 ὑδαρεῖ
1095 3195 1265 3279 φιλότητι,
1292 3216 1358 3262 τοττι
1386 3218 1435 3263 me
1463 3199 1584 3282 quidem
1609 3201 1707 3264 iudice
1733 3203 1886 3285 impedivit

295 3298 392 3380 magis
414 3313 502 3377 quarn
524 3293 687 3376 expedivit.
730 3293 930 3374 Experiamur
949 3296 1041 3377 igitur
1061 3294 1242 3360 emendandi
1263 3295 1421 3360 lortunum.
1463 3299 1561 3372 Quum
1582 3297 1702 3364 λαδεῖν
1723 3319 1790 3364 cum
1811 3320 1886 3383 pur-

289 3397 391 3477 ticipio
417 3396 551 3458 construi
577 3393 686 3473 soleat,
719 3391 877 3459 σαίνοντα
905 3392 1097 3456 scribendum
1122 3402 1154 3457 et
1178 3395 1271 3458 verba
1297 3397 1341 3459 sic
1362 3398 1553 3462 collocanda:
1584 3398 1734 3464 σαίνσνδ’
1763 3397 1890 3483 ὑδαρεῖ

290 3489 463 3575 φιλότητι,
482 3496 522 3556 ita
543 3501 575 3558 ut
595 3495 783 3556 accusativus
804 3489 845 3555 τὰ
865 3489 1013 3556 δοκοῦντ’
1036 3491 1211 3574 εὔφρονος
1231 3496 1269 3558 ἐκ
1292 3491 1445 3575 διανοίας
1465 3497 1597 3578 pendeat
1618 3517 1637 3560 e
1659 3497 1832 3577 σαίνοντα,
1853 3509 1885 3563 ct
2009 3547 2011 3552 -

290 3591 416 3656 σαίνειν
435 3613 467 3654 τι
487 3595 524 3654 sit
544 3591 724 3656 blandiendo
745 3589 855 3672 aliquid
876 3607 948 3671 prae
971 3607 1005 3652 se
1026 3588 1120 3654 terre
1162 3590 1315 3655 Articulus
1337 3591 1379 3658 τά
1400 3595 1438 3658 ad
1459 3594 1626 3661 δοκοῦντα
1646 3600 1791 3678 pertinet,
1813 3603 1883 3680 quia

289 3709 340 3766 ea,
362 3708 440 3770 quae
462 3706 523 3753 non
546 3698 627 3768 sunt,
649 3690 704 3753 sed
724 3690 865 3754 videntur
885 3697 1009 3766 tuntum,
1031 3691 1245 3772 significantur.
1284 3689 1359 3755 Loci
1382 3711 1491 3756 sensus
1513 3694 1561 3757 bic
1582 3696 1661 3758 erit:
1683 3698 1734 3777 qui
1755 3696 1882 3762 idoneus

289 3796 337 3850 est
357 3789 508 3852 bominum
530 3791 715 3866 aestimator,
738 3791 803 3852 elus
824 3790 953 3850 animum
974 3805 1036 3851 non
1058 3797 1184 3871 possunt
1204 3789 1314 3873 lugere
1336 3791 1464 3856 bominis
1486 3794 1579 3872 oculi,
1602 3796 1726 3876 quiea,
1748 3815 1826 3878 quae
1842 3817 1883 3860 ex

288 3887 387 3948 eninm
408 3887 560 3949 benevolo
582 3889 745 3967 provenire
767 3886 908 3952 videntur
928 3896 1054 3968 tantum,
1075 3888 1104 3952 b.
1120 3907 1148 3952 e.
1171 3891 1404 3954 benevolentiae
1423 3894 1569 3973 speciem,
1592 3893 1773 3958 blandiendo
1788 3897 1883 3959 simu-

290 3984 353 4046 lant
378 3986 505 4048 amicitia
531 3986 644 4048 lubrica
666 3987 716 4049 vel
737 3985 820 4049 lalsa.
856 3988 1032 4069 Quanquam
1052 3987 1150 4051 fateor
1170 4007 1231 4052 non
1253 3989 1413 4071 displicere
1434 3991 1563 4072 llayseri
1584 3991 1826 4056 emendationem
1847 3994 1884 4056 rb

291 4080 470 4146 desciret
498 4083 624 4164 ὑδαρεῖ
645 4087 762 4149 σαῖνον
782 4086 955 4163 scribentis,
987 4087 1070 4149 nolui
1095 4094 1195 4150 tamen
1216 4090 1364 4166 reticere,
1396 4107 1472 4169 quae
1495 4090 1551 4152 ium
1573 4097 1733 4170 antequam
1755 4091 1882 4171 llayseri

288 4181 435 4244 rationem
457 4184 684 4264 cognovissem,
706 4183 745 4246 de
766 4183 795 4246 h.
817 4185 836 4246 l.
859 4185 1049 4265 scripseram.

372 4281 440 4342 tto.
476 4276 614 4360 δάρσος
639 4277 796 4346 ὲκοῦοιον
824 4279 972 4364 ἀνδράσι
998 4281 1194 4365 δνήσκονσι
1221 4283 1376 4369 κομίζων.
1418 4285 1505 4347 llunc
1536 4286 1634 4348 locum
1662 4303 1753 4350 nemo
1780 4305 1881 4370 neque

288 4376 499 4440 emendatione
527 4372 628 4458 net'pue
650 4381 897 4461 interpretatione
919 4384 990 4444 satis
1012 4383 1201 4464 explanavit;
1233 4400 1303 4444 nam
1324 4391 1356 4444 et
1375 4382 1491 4465 Engeri
1512 4385 1588 4446 ratio
1611 4385 1739 4448 obscura
1761 4395 1822 4464 est,
1851 4395 1883 4450 et

287 4476 318 4539 in
339 4474 537 4558 Bambergeri
559 4476 792 4542 Schneidewino
819 4480 963 4560 probata:
997 4481 1172 4558 ,videbaris
1200 4481 1287 4544 nobie
1316 4483 1400 4561 quasi
1427 4483 1500 4544 viris
1528 4484 1725 4546 morientibus
1753 4486 1880 4547 animum

287 4573 400 4636 addere
422 4573 552 4638 libenter
572 4577 820 4656 accipientibue,“
844 4586 891 4642 est
912 4579 992 4661 quod
1013 4579 1176 4661 dtspttceat.
1218 4579 1293 4642 Nam
1313 4587 1346 4642 ut
1367 4581 1496 4643 omittam
1516 4577 1723 4663 θνήσκουσι,
1744 4601 1799 4664 pro
1821 4601 1880 4666 quo

287 4675 514 4754 exspectaveris
535 4673 778 4760 incoeperam,
800 4695 862 4740 non
882 4687 983 4760 potest
997 4679 1113 4743 Chorus
1134 4681 1165 4742 in
1179 4678 1410 4763 Agamemnone
1432 4679 1461 4742 id
1475 4681 1764 4762 uituperare„quod
1783 4685 1879 4763 quivis

286 4770 384 4834 bonus
413 4771 474 4835 dux
501 4773 609 4836 milites
634 4773 672 4836 ad
693 4775 802 4838 bellurn
825 4777 939 4840 ducens
960 4777 1039 4840 lacit.
1083 4778 1145 4842 Sed
1166 4777 1313 4842 difficilius
1335 4786 1383 4841 est
1402 4779 1525 4842 meliora
1549 4779 1631 4843 dare.
1674 4782 1795 4844 lntcrim
1817 4798 1878 4842 non

287 4872 372 4949 quasi
400 4889 505 4934 verum
534 4874 718 4951 invenerim,
750 4873 805 4936 sed
833 4883 865 4938 ut
892 4875 1044 4957 proferam
1073 4877 1154 4958 quod
1185 4896 1202 4940 a
1233 4884 1321 4959 poeta
1350 4877 1407 4940 dici
1433 4881 1689 4960 exspectaverim,
1721 4882 1779 4942 hcc
1810 4878 1877 4942 lere
