<?xml version="1.0" encoding="UTF-8"?>
<!DOCTYPE html PUBLIC "-//W3C//DTD XHTML 1.0 Transitional//EN"
    "http://www.w3.org/TR/xhtml1/DTD/xhtml1-transitional.dtd">
<html xmlns="http://www.w3.org/1999/xhtml" xml:lang="en" lang="en">
 <head>
  <title>
</title>
<meta http-equiv="Content-Type" content="text/html;charset=utf-8" />
  <meta name='ocr-system' content='tesseract 3.04.00' />
  <meta name='ocr-capabilities' content='ocr_page ocr_carea ocr_par ocr_line ocrx_word'/>
</head>
<body>
  <div class='ocr_page' id='page_1' title='image "./emendationesina00raucgoog_0020.png"; bbox 0 0 4668 6040; ppageno 0'>
   <div class='ocr_carea' id='block_1_1' title="bbox 972 559 1218 638">
    <p class='ocr_par' dir='ltr' id='par_1_1' title="bbox 972 559 1218 638">
     <span class='ocr_line' id='line_1_1' title="bbox 972 559 1218 638; baseline 0 -20"><span class='ocrx_word' id='word_1_1' title='bbox 972 559 1218 638; x_wconf 70' lang='lat'>..15-</span> 
     </span>
    </p>
   </div>
   <div class='ocr_carea' id='block_1_2' title="bbox 177 746 1959 2998">
    <p class='ocr_par' dir='ltr' id='par_1_2' title="bbox 177 746 1959 1824">
     <span class='ocr_line' id='line_1_2' title="bbox 232 746 1959 856; baseline 0.003 -36"><span class='ocrx_word' id='word_1_2' title='bbox 232 801 234 808; x_wconf 46' lang='lat'>1</span> <span class='ocrx_word' id='word_1_3' title='bbox 265 827 266 834; x_wconf 33' lang='grc'><em>,</em></span> <span class='ocrx_word' id='word_1_4' title='bbox 292 757 408 828; x_wconf 69' lang='lat' dir='ltr'><strong>sundra</strong></span> <span class='ocrx_word' id='word_1_5' title='bbox 429 754 499 821; x_wconf 89' lang='lat' dir='ltr'><strong>mibi</strong></span> <span class='ocrx_word' id='word_1_6' title='bbox 516 746 639 826; x_wconf 81' lang='lat' dir='ltr'><strong>adduxit</strong></span> <span class='ocrx_word' id='word_1_7' title='bbox 657 753 757 838; x_wconf 78' lang='grc' dir='ltr'><em>εὐνήν</em></span> <span class='ocrx_word' id='word_1_8' title='bbox 777 773 860 838; x_wconf 66' lang='lat' dir='ltr'><strong>suun</strong></span> <span class='ocrx_word' id='word_1_9' title='bbox 879 753 1103 820; x_wconf 72' lang='lat' dir='ltr'><strong>curdimeutum</strong></span> <span class='ocrx_word' id='word_1_10' title='bbox 1120 755 1295 818; x_wconf 88' lang='lat' dir='ltr'><strong>deliciarum</strong></span> <span class='ocrx_word' id='word_1_11' title='bbox 1314 758 1478 819; x_wconf 80' lang='lat' dir='ltr'><strong>mearum.“</strong></span> <span class='ocrx_word' id='word_1_12' title='bbox 1509 755 1598 822; x_wconf 81' lang='lat' dir='ltr'>Ludit</span> <span class='ocrx_word' id='word_1_13' title='bbox 1615 759 1645 820; x_wconf 90' lang='lat' dir='ltr'><strong>in</strong></span> <span class='ocrx_word' id='word_1_14' title='bbox 1660 755 1798 822; x_wconf 79' lang='lat' dir='ltr'><strong>vocabuli</strong></span> <span class='ocrx_word' id='word_1_15' title='bbox 1812 759 1893 842; x_wconf 84' lang='grc' dir='ltr'><em>εὐνή</em></span> <span class='ocrx_word' id='word_1_16' title='bbox 1943 833 1959 856; x_wconf 28' lang='grc' dir='ltr'>κ</span> 
     </span>
     <span class='ocr_line' id='line_1_3' title="bbox 177 833 1893 939; baseline 0.001 -19"><span class='ocrx_word' id='word_1_17' title='bbox 177 833 211 912; x_wconf 69' lang='grc'><strong>”.·</strong></span> <span class='ocrx_word' id='word_1_18' title='bbox 297 857 506 939; x_wconf 72' lang='lat' dir='ltr'><strong>ambiguitate,</strong></span> <span class='ocrx_word' id='word_1_19' title='bbox 522 863 552 917; x_wconf 90' lang='lat' dir='ltr'><strong>et</strong></span> <span class='ocrx_word' id='word_1_20' title='bbox 567 859 695 918; x_wconf 84' lang='lat' dir='ltr'><strong>mortem</strong></span> <span class='ocrx_word' id='word_1_21' title='bbox 709 845 951 938; x_wconf 63' lang='lat' dir='ltr'><strong>smnucdmset</strong></span> <span class='ocrx_word' id='word_1_22' title='bbox 963 855 1084 918; x_wconf 90' lang='lat' dir='ltr'><strong>lectum.</strong></span> <span class='ocrx_word' id='word_1_23' title='bbox 1111 853 1215 918; x_wconf 85' lang='lat' dir='ltr'><strong>Nescit</strong></span> <span class='ocrx_word' id='word_1_24' title='bbox 1229 861 1329 918; x_wconf 90' lang='lat' dir='ltr'><strong>autem</strong></span> <span class='ocrx_word' id='word_1_25' title='bbox 1343 857 1465 939; x_wconf 75' lang='lat' dir='ltr'><strong>regina,</strong></span> <span class='ocrx_word' id='word_1_26' title='bbox 1481 871 1570 937; x_wconf 84' lang='lat' dir='ltr'><strong>quam</strong></span> <span class='ocrx_word' id='word_1_27' title='bbox 1584 873 1660 920; x_wconf 84' lang='lat' dir='ltr'><strong>vere</strong></span> <span class='ocrx_word' id='word_1_28' title='bbox 1675 857 1721 922; x_wconf 90' lang='lat' dir='ltr'><strong>bis</strong></span> <span class='ocrx_word' id='word_1_29' title='bbox 1735 859 1839 922; x_wconf 81' lang='lat' dir='ltr'><strong>vorbis</strong></span> <span class='ocrx_word' id='word_1_30' title='bbox 1853 857 1893 922; x_wconf 89' lang='lat' dir='ltr'><strong>dc</strong></span> 
     </span>
     <span class='ocr_line' id='line_1_4' title="bbox 258 951 1895 1036; baseline 0 -17"><span class='ocrx_word' id='word_1_31' title='bbox 258 959 260 964; x_wconf 84' lang='lat'>&#39;</span> <span class='ocrx_word' id='word_1_32' title='bbox 299 975 354 1020; x_wconf 88' lang='lat' dir='ltr'><strong>sua</strong></span> <span class='ocrx_word' id='word_1_33' title='bbox 367 961 464 1018; x_wconf 88' lang='lat' dir='ltr'><strong>morte</strong></span> <span class='ocrx_word' id='word_1_34' title='bbox 480 954 658 1034; x_wconf 78' lang='lat' dir='ltr'>praedicere</span> <span class='ocrx_word' id='word_1_35' title='bbox 674 956 738 1036; x_wconf 89' lang='lat' dir='ltr'><strong>ipsa</strong></span> <span class='ocrx_word' id='word_1_36' title='bbox 752 952 898 1019; x_wconf 85' lang='lat' dir='ltr'><strong>videatur.</strong></span> <span class='ocrx_word' id='word_1_37' title='bbox 912 987 952 998; x_wconf 89' lang='lat'><em>-</em></span> <span class='ocrx_word' id='word_1_38' title='bbox 965 951 1041 1015; x_wconf 87' lang='lat' dir='ltr'><strong>Nam</strong></span> <span class='ocrx_word' id='word_1_39' title='bbox 1056 955 1215 1034; x_wconf 82' lang='lat' dir='ltr'><strong>quominus</strong></span> <span class='ocrx_word' id='word_1_40' title='bbox 1230 969 1298 1015; x_wconf 91' lang='lat' dir='ltr'><strong>cum</strong></span> <span class='ocrx_word' id='word_1_41' title='bbox 1312 954 1451 1034; x_wconf 76' lang='lat' dir='ltr'><strong>Kapsaro</strong></span> <span class='ocrx_word' id='word_1_42' title='bbox 1465 952 1585 1032; x_wconf 82' lang='lat' dir='ltr'><strong>faciam,</strong></span> <span class='ocrx_word' id='word_1_43' title='bbox 1599 955 1711 1034; x_wconf 89' lang='lat' dir='ltr'><strong>obstat,</strong></span> <span class='ocrx_word' id='word_1_44' title='bbox 1726 957 1895 1020; x_wconf 86' lang='lat' dir='ltr'><strong>simentem</strong></span> 
     </span>
     <span class='ocr_line' id='line_1_5' title="bbox 234 1051 1896 1140; baseline 0.001 -23"><span class='ocrx_word' id='word_1_45' title='bbox 234 1087 239 1098; x_wconf 89' lang='lat'><strong>·</strong></span> <span class='ocrx_word' id='word_1_46' title='bbox 298 1056 364 1118; x_wconf 92' lang='lat' dir='ltr'><strong>eius</strong></span> <span class='ocrx_word' id='word_1_47' title='bbox 385 1060 470 1116; x_wconf 87' lang='lat' dir='ltr'><strong>recto</strong></span> <span class='ocrx_word' id='word_1_48' title='bbox 492 1055 574 1133; x_wconf 90' lang='lat' dir='ltr'><strong>cepi,</strong></span> <span class='ocrx_word' id='word_1_49' title='bbox 596 1053 670 1130; x_wconf 89' lang='lat' dir='ltr'><strong>boc,</strong></span> <span class='ocrx_word' id='word_1_50' title='bbox 692 1052 773 1140; x_wconf 93' lang='lat' dir='ltr'><strong>quod</strong></span> <span class='ocrx_word' id='word_1_51' title='bbox 794 1051 836 1115; x_wconf 82' lang='lat' dir='ltr'><strong>&#39;ex</strong></span> <span class='ocrx_word' id='word_1_52' title='bbox 855 1054 922 1122; x_wconf 81' lang='lat' dir='ltr'><strong>eius</strong></span> <span class='ocrx_word' id='word_1_53' title='bbox 939 1051 1157 1132; x_wconf 88' lang='lat' dir='ltr'><strong>interpretandi</strong></span> <span class='ocrx_word' id='word_1_54' title='bbox 1171 1054 1288 1116; x_wconf 90' lang='lat' dir='ltr'><strong>ratione</strong></span> <span class='ocrx_word' id='word_1_55' title='bbox 1303 1051 1529 1135; x_wconf 75' lang='lat' dir='ltr'><strong>Agamemnon,</strong></span> <span class='ocrx_word' id='word_1_56' title='bbox 1550 1069 1611 1117; x_wconf 93' lang='lat' dir='ltr'><strong>non</strong></span> <span class='ocrx_word' id='word_1_57' title='bbox 1626 1053 1794 1118; x_wconf 80' lang='lat' dir='ltr'><strong>Cassandra</strong></span> <span class='ocrx_word' id='word_1_58' title='bbox 1808 1055 1896 1118; x_wconf 80' lang='lat' dir='ltr'><strong>verbi</strong></span> 
     </span>
     <span class='ocr_line' id='line_1_6' title="bbox 189 1147 1510 1235; baseline -0.003 -17"><span class='ocrx_word' id='word_1_59' title='bbox 189 1148 195 1158; x_wconf 84' lang='grc'><strong>”</strong></span> <span class='ocrx_word' id='word_1_60' title='bbox 298 1149 465 1235; x_wconf 75' lang='grc' dir='ltr'><strong>ἐπήγαγεν</strong></span> <span class='ocrx_word' id='word_1_61' title='bbox 479 1149 645 1216; x_wconf 86' lang='lat' dir='ltr'><strong>subiectum</strong></span> <span class='ocrx_word' id='word_1_62' title='bbox 660 1169 731 1214; x_wconf 87' lang='lat' dir='ltr'><strong>esse</strong></span> <span class='ocrx_word' id='word_1_63' title='bbox 746 1151 882 1224; x_wconf 74' lang='lat' dir='ltr'><strong>deberet.</strong></span> <span class='ocrx_word' id='word_1_64' title='bbox 911 1149 952 1212; x_wconf 78' lang='lat' dir='ltr'><strong>tn</strong></span> <span class='ocrx_word' id='word_1_65' title='bbox 966 1167 984 1213; x_wconf 89' lang='lat' dir='ltr'><strong>a</strong></span> <span class='ocrx_word' id='word_1_66' title='bbox 999 1150 1100 1213; x_wconf 86' lang='lat' dir='ltr'><strong>verbis</strong></span> <span class='ocrx_word' id='word_1_67' title='bbox 1114 1147 1137 1233; x_wconf 76' lang='grc' dir='ltr'><em>ἥ</em></span> <span class='ocrx_word' id='word_1_68' title='bbox 1151 1147 1188 1215; x_wconf 81' lang='grc' dir='ltr'><strong>δέ</strong></span> <span class='ocrx_word' id='word_1_69' title='bbox 1202 1171 1254 1214; x_wconf 92' lang='grc' dir='ltr'><em>τοι</em></span> <span class='ocrx_word' id='word_1_70' title='bbox 1268 1151 1437 1214; x_wconf 84' lang='lat' dir='ltr'><strong>Cassandra</strong></span> <span class='ocrx_word' id='word_1_71' title='bbox 1453 1159 1510 1214; x_wconf 88' lang='lat' dir='ltr'><strong>est.</strong></span> 
     </span>
     <span class='ocr_line' id='line_1_7' title="bbox 630 1231 1304 1340; baseline 0 -28"><span class='ocrx_word' id='word_1_72' title='bbox 630 1231 718 1313; x_wconf 67' lang='grc'><strong>1442.</strong></span> <span class='ocrx_word' id='word_1_73' title='bbox 752 1247 890 1335; x_wconf 81' lang='grc' dir='ltr'><em>ὃαῖμον,</em></span> <span class='ocrx_word' id='word_1_74' title='bbox 911 1247 952 1340; x_wconf 82' lang='grc' dir='ltr'><em>ὃς</em></span> <span class='ocrx_word' id='word_1_75' title='bbox 975 1249 1146 1335; x_wconf 72' lang='grc' dir='ltr'><strong><em>ἐμπίτνεις</em></strong></span> <span class='ocrx_word' id='word_1_76' title='bbox 1168 1247 1304 1335; x_wconf 77' lang='grc' dir='ltr'><em>δώμασι</em></span> 
     </span>
     <span class='ocr_line' id='line_1_8' title="bbox 754 1345 1301 1429; baseline -0.004 -17"><span class='ocrx_word' id='word_1_77' title='bbox 754 1345 812 1414; x_wconf 84' lang='grc' dir='ltr'><em>καὶ</em></span> <span class='ocrx_word' id='word_1_78' title='bbox 831 1345 1000 1429; x_wconf 69' lang='lat' dir='ltr'><strong>demoleret</strong></span> <span class='ocrx_word' id='word_1_79' title='bbox 1023 1345 1301 1425; x_wconf 69' lang='grc' dir='ltr'><em>Τανταλίδαισιν,</em></span> 
     </span>
     <span class='ocr_line' id='line_1_9' title="bbox 566 1434 1375 1531; baseline 0 -21"><span class='ocrx_word' id='word_1_80' title='bbox 566 1457 570 1466; x_wconf 93' lang='grc'><strong>’</strong></span> <span class='ocrx_word' id='word_1_81' title='bbox 631 1461 649 1502; x_wconf 52' lang='grc'><strong>·,</strong></span> <span class='ocrx_word' id='word_1_82' title='bbox 751 1434 878 1527; x_wconf 76' lang='grc' dir='ltr'><em>κρότος</em></span> <span class='ocrx_word' id='word_1_83' title='bbox 900 1444 923 1508; x_wconf 78' lang='grc' dir='ltr'><strong>τ’</strong></span> <span class='ocrx_word' id='word_1_84' title='bbox 949 1443 1123 1531; x_wconf 83' lang='grc' dir='ltr'><strong><em>ἰσόψυχον</em></strong></span> <span class='ocrx_word' id='word_1_85' title='bbox 1145 1447 1184 1509; x_wconf 75' lang='grc' dir='ltr'><strong>ἐκ</strong></span> <span class='ocrx_word' id='word_1_86' title='bbox 1204 1447 1375 1530; x_wconf 71' lang='grc' dir='ltr'><em>γυναικοῖν</em></span> 
     </span>
     <span class='ocr_line' id='line_1_10' title="bbox 591 1523 1310 1630; baseline -0.003 -22"><span class='ocrx_word' id='word_1_87' title='bbox 591 1549 592 1554; x_wconf 75' lang='grc'>’</span> <span class='ocrx_word' id='word_1_88' title='bbox 666 1523 678 1558; x_wconf 74' lang='lat'><strong><em>‘</em></strong></span> <span class='ocrx_word' id='word_1_89' title='bbox 751 1541 1007 1626; x_wconf 52' lang='grc' dir='ltr'><em>καρδιόδηκτον,</em></span> <span class='ocrx_word' id='word_1_90' title='bbox 1023 1543 1100 1630; x_wconf 76' lang='grc' dir='ltr'><strong><em>ἐμοὶ</em></strong></span> <span class='ocrx_word' id='word_1_91' title='bbox 1117 1541 1310 1624; x_wconf 86' lang='grc' dir='ltr'><em>κρατύνεις.</em></span> 
     </span>
     <span class='ocr_line' id='line_1_11' title="bbox 660 1639 1165 1734; baseline -0.004 -28"><span class='ocrx_word' id='word_1_92' title='bbox 660 1719 669 1734; x_wconf 36' lang='lat'><strong><em>⁹</em></strong></span> <span class='ocrx_word' id='word_1_93' title='bbox 751 1639 807 1706; x_wconf 83' lang='grc' dir='ltr'><strong>ἐπὶ</strong></span> <span class='ocrx_word' id='word_1_94' title='bbox 821 1639 864 1704; x_wconf 62' lang='grc' dir='ltr'><strong>ἰδὲ</strong></span> <span class='ocrx_word' id='word_1_95' title='bbox 885 1639 1044 1726; x_wconf 75' lang='grc' dir='ltr'><em>σώματος</em></span> <span class='ocrx_word' id='word_1_96' title='bbox 1068 1639 1165 1706; x_wconf 75' lang='lat' dir='ltr'><strong>dinan</strong></span> 
     </span>
     <span class='ocr_line' id='line_1_12' title="bbox 633 1735 1410 1824; baseline -0.004 -20"><span class='ocrx_word' id='word_1_97' title='bbox 633 1761 642 1778; x_wconf 92' lang='lat'><strong>·</strong></span> <span class='ocrx_word' id='word_1_98' title='bbox 753 1735 907 1819; x_wconf 78' lang='grc' dir='ltr'><em>κόρακος</em></span> <span class='ocrx_word' id='word_1_99' title='bbox 929 1738 1063 1824; x_wconf 79' lang='grc' dir='ltr'><em>ἐχθροῦ</em></span> <span class='ocrx_word' id='word_1_100' title='bbox 1085 1737 1233 1802; x_wconf 83' lang='grc' dir='ltr'><em>οταθεῖό</em></span> <span class='ocrx_word' id='word_1_101' title='bbox 1256 1737 1410 1824; x_wconf 73' lang='grc' dir='ltr'><em>ἐκνόμως</em></span> 
     </span>
    </p>

    <p class='ocr_par' dir='ltr' id='par_1_3' title="bbox 299 1834 1898 2894">
     <span class='ocr_line' id='line_1_13' title="bbox 751 1834 1322 1922; baseline -0.005 -20"><span class='ocrx_word' id='word_1_102' title='bbox 751 1834 857 1922; x_wconf 80' lang='grc' dir='ltr'><strong><em>ὕμνον</em></strong></span> <span class='ocrx_word' id='word_1_103' title='bbox 878 1837 997 1922; x_wconf 75' lang='grc' dir='ltr'><em>όμνεῖν</em></span> <span class='ocrx_word' id='word_1_104' title='bbox 1018 1834 1230 1922; x_wconf 82' lang='grc' dir='ltr'><em>ἐπεύχεται.</em></span> <span class='ocrx_word' id='word_1_105' title='bbox 1252 1883 1260 1899; x_wconf 94' lang='grc'><strong>.</strong></span> <span class='ocrx_word' id='word_1_106' title='bbox 1283 1883 1291 1898; x_wconf 94' lang='grc'><strong>.</strong></span> <span class='ocrx_word' id='word_1_107' title='bbox 1313 1883 1322 1899; x_wconf 94' lang='grc'><strong>.</strong></span> 
     </span>
     <span class='ocr_line' id='line_1_14' title="bbox 300 1933 1896 2023; baseline -0.001 -25"><span class='ocrx_word' id='word_1_108' title='bbox 300 1935 377 2008; x_wconf 80' lang='lat' dir='ltr'><strong>Quid</strong></span> <span class='ocrx_word' id='word_1_109' title='bbox 398 1933 574 2023; x_wconf 72' lang='grc' dir='ltr'><strong><em>ἰσόψυχον</em></strong></span> <span class='ocrx_word' id='word_1_110' title='bbox 595 1936 643 1998; x_wconf 89' lang='lat' dir='ltr'><strong>bic</strong></span> <span class='ocrx_word' id='word_1_111' title='bbox 665 1938 717 2014; x_wconf 90' lang='lat' dir='ltr'><strong>sit,</strong></span> <span class='ocrx_word' id='word_1_112' title='bbox 739 1935 1138 2020; x_wconf 81' lang='lat' dir='ltr'><strong>dissentiuut‘interpretes,</strong></span> <span class='ocrx_word' id='word_1_113' title='bbox 1166 1953 1225 2000; x_wconf 90' lang='lat' dir='ltr'><strong>neo</strong></span> <span class='ocrx_word' id='word_1_114' title='bbox 1252 1943 1337 1998; x_wconf 88' lang='lat' dir='ltr'><strong>certo</strong></span> <span class='ocrx_word' id='word_1_115' title='bbox 1359 1941 1496 2015; x_wconf 89' lang='lat' dir='ltr'><strong>apparet,</strong></span> <span class='ocrx_word' id='word_1_116' title='bbox 1526 1951 1586 2014; x_wconf 90' lang='lat' dir='ltr'><strong>quo</strong></span> <span class='ocrx_word' id='word_1_117' title='bbox 1608 1934 1655 1996; x_wconf 91' lang='lat' dir='ltr'><strong>illa</strong></span> <span class='ocrx_word' id='word_1_118' title='bbox 1676 1935 1788 2016; x_wconf 89' lang='lat' dir='ltr'><strong>paritas</strong></span> <span class='ocrx_word' id='word_1_119' title='bbox 1808 1933 1896 1996; x_wconf 89' lang='lat' dir='ltr'><strong>reie-</strong></span> 
     </span>
     <span class='ocr_line' id='line_1_15' title="bbox 299 2031 1897 2117; baseline 0.001 -23"><span class='ocrx_word' id='word_1_120' title='bbox 299 2041 391 2096; x_wconf 91' lang='lat' dir='ltr'><strong>ratur.</strong></span> <span class='ocrx_word' id='word_1_121' title='bbox 424 2033 497 2096; x_wconf 90' lang='lat' dir='ltr'><strong>Nam</strong></span> <span class='ocrx_word' id='word_1_122' title='bbox 519 2035 678 2114; x_wconf 80' lang='lat' dir='ltr'>quominus</span> <span class='ocrx_word' id='word_1_123' title='bbox 693 2031 809 2115; x_wconf 77' lang='grc' dir='ltr'><strong><em>ἰσότης</em></strong></span> <span class='ocrx_word' id='word_1_124' title='bbox 825 2035 863 2102; x_wconf 88' lang='lat' dir='ltr'><strong>de</strong></span> <span class='ocrx_word' id='word_1_125' title='bbox 879 2036 1258 2117; x_wconf 68' lang='lat' dir='ltr'><strong>animis‘Clytaemu‘estrae</strong></span> <span class='ocrx_word' id='word_1_126' title='bbox 1274 2041 1305 2096; x_wconf 91' lang='lat' dir='ltr'><strong>et</strong></span> <span class='ocrx_word' id='word_1_127' title='bbox 1320 2033 1455 2095; x_wconf 78' lang='lat' dir='ltr'><strong>Helenae</strong></span> <span class='ocrx_word' id='word_1_128' title='bbox 1470 2033 1667 2116; x_wconf 85' lang='lat' dir='ltr'><strong>intelligatur,</strong></span> <span class='ocrx_word' id='word_1_129' title='bbox 1689 2051 1767 2114; x_wconf 88' lang='lat' dir='ltr'><strong>quae</strong></span> <span class='ocrx_word' id='word_1_130' title='bbox 1781 2031 1897 2116; x_wconf 82' lang='lat' dir='ltr'><strong>Engeri</strong></span> 
     </span>
     <span class='ocr_line' id='line_1_16' title="bbox 299 2119 1897 2216; baseline -0.002 -22"><span class='ocrx_word' id='word_1_131' title='bbox 299 2138 330 2194; x_wconf 88' lang='lat' dir='ltr'><strong>et</strong></span> <span class='ocrx_word' id='word_1_132' title='bbox 351 2130 481 2212; x_wconf 75' lang='lat' dir='ltr'><strong>Kayseri</strong></span> <span class='ocrx_word' id='word_1_133' title='bbox 503 2133 652 2196; x_wconf 88' lang='lat' dir='ltr'><strong>sententia</strong></span> <span class='ocrx_word' id='word_1_134' title='bbox 673 2139 734 2210; x_wconf 90' lang='lat' dir='ltr'><strong>cst,</strong></span> <span class='ocrx_word' id='word_1_135' title='bbox 756 2119 933 2214; x_wconf 86' lang='lat' dir='ltr'><strong>impedimur</strong></span> <span class='ocrx_word' id='word_1_136' title='bbox 954 2151 1007 2211; x_wconf 90' lang='lat' dir='ltr'><strong>eo,</strong></span> <span class='ocrx_word' id='word_1_137' title='bbox 1030 2133 1110 2215; x_wconf 90' lang='lat' dir='ltr'><strong>quod</strong></span> <span class='ocrx_word' id='word_1_138' title='bbox 1127 2129 1261 2214; x_wconf 82' lang='grc' dir='ltr'><em>κρότος</em></span> <span class='ocrx_word' id='word_1_139' title='bbox 1282 2131 1389 2194; x_wconf 83' lang='lat' dir='ltr'><strong>dicitur</strong></span> <span class='ocrx_word' id='word_1_140' title='bbox 1411 2127 1600 2216; x_wconf 86' lang='grc' dir='ltr'><strong><em>ἰσόψυχον,</em></strong></span> <span class='ocrx_word' id='word_1_141' title='bbox 1621 2130 1651 2192; x_wconf 92' lang='lat' dir='ltr'><strong>id</strong></span> <span class='ocrx_word' id='word_1_142' title='bbox 1672 2129 1754 2211; x_wconf 86' lang='lat' dir='ltr'><strong>quod</strong></span> <span class='ocrx_word' id='word_1_143' title='bbox 1768 2129 1806 2192; x_wconf 86' lang='lat' dir='ltr'><strong>ad</strong></span> <span class='ocrx_word' id='word_1_144' title='bbox 1822 2130 1897 2211; x_wconf 77' lang='lat' dir='ltr'><strong>Cly-</strong></span> 
     </span>
     <span class='ocr_line' id='line_1_17' title="bbox 299 2227 1898 2313; baseline 0.001 -23"><span class='ocrx_word' id='word_1_145' title='bbox 299 2236 513 2310; x_wconf 90' lang='lat' dir='ltr'><strong>taemnestram</strong></span> <span class='ocrx_word' id='word_1_146' title='bbox 535 2230 656 2312; x_wconf 85' lang='lat' dir='ltr'><strong>quidem</strong></span> <span class='ocrx_word' id='word_1_147' title='bbox 677 2233 821 2312; x_wconf 82' lang='lat' dir='ltr'><strong>pertinet,</strong></span> <span class='ocrx_word' id='word_1_148' title='bbox 851 2231 888 2294; x_wconf 93' lang='lat' dir='ltr'><strong>ad</strong></span> <span class='ocrx_word' id='word_1_149' title='bbox 910 2233 1056 2295; x_wconf 88' lang='lat' dir='ltr'><strong>Helenam</strong></span> <span class='ocrx_word' id='word_1_150' title='bbox 1078 2249 1140 2294; x_wconf 92' lang='lat' dir='ltr'><strong>non</strong></span> <span class='ocrx_word' id='word_1_151' title='bbox 1160 2233 1300 2313; x_wconf 78' lang='lat' dir='ltr'><strong>pertinet.</strong></span> <span class='ocrx_word' id='word_1_152' title='bbox 1344 2229 1418 2293; x_wconf 90' lang='lat' dir='ltr'><strong>Nam</strong></span> <span class='ocrx_word' id='word_1_153' title='bbox 1439 2230 1501 2306; x_wconf 91' lang='lat' dir='ltr'><strong>illa,</strong></span> <span class='ocrx_word' id='word_1_154' title='bbox 1530 2245 1592 2291; x_wconf 93' lang='lat' dir='ltr'><strong>non</strong></span> <span class='ocrx_word' id='word_1_155' title='bbox 1613 2227 1689 2292; x_wconf 88' lang='lat' dir='ltr'><strong>baec</strong></span> <span class='ocrx_word' id='word_1_156' title='bbox 1710 2230 1791 2291; x_wconf 86' lang='lat' dir='ltr'><strong>vicit.</strong></span> <span class='ocrx_word' id='word_1_157' title='bbox 1836 2228 1898 2292; x_wconf 86' lang='lat' dir='ltr'><strong>Sed</strong></span> 
     </span>
     <span class='ocr_line' id='line_1_18' title="bbox 299 2317 1897 2412; baseline 0 -24"><span class='ocrx_word' id='word_1_158' title='bbox 299 2327 388 2388; x_wconf 89' lang='lat' dir='ltr'><strong>etiarn</strong></span> <span class='ocrx_word' id='word_1_159' title='bbox 410 2327 440 2388; x_wconf 90' lang='lat' dir='ltr'><strong>iu</strong></span> <span class='ocrx_word' id='word_1_160' title='bbox 463 2317 678 2392; x_wconf 87' lang='lat' dir='ltr'><strong>sententiarum</strong></span> <span class='ocrx_word' id='word_1_161' title='bbox 700 2347 783 2392; x_wconf 86' lang='lat' dir='ltr'><strong>nexu</strong></span> <span class='ocrx_word' id='word_1_162' title='bbox 804 2338 852 2392; x_wconf 90' lang='lat' dir='ltr'><strong>est</strong></span> <span class='ocrx_word' id='word_1_163' title='bbox 872 2329 953 2412; x_wconf 81' lang='lat' dir='ltr'><strong>quod</strong></span> <span class='ocrx_word' id='word_1_164' title='bbox 974 2330 1142 2412; x_wconf 91' lang='lat' dir='ltr'><strong>displiceat,</strong></span> <span class='ocrx_word' id='word_1_165' title='bbox 1164 2328 1246 2410; x_wconf 87' lang='lat' dir='ltr'><strong>quod</strong></span> <span class='ocrx_word' id='word_1_166' title='bbox 1265 2347 1336 2392; x_wconf 88' lang='lat' dir='ltr'><strong>meo</strong></span> <span class='ocrx_word' id='word_1_167' title='bbox 1357 2325 1477 2410; x_wconf 89' lang='lat' dir='ltr'><strong>quidem</strong></span> <span class='ocrx_word' id='word_1_168' title='bbox 1497 2326 1606 2390; x_wconf 93' lang='lat' dir='ltr'><strong>iudicio</strong></span> <span class='ocrx_word' id='word_1_169' title='bbox 1621 2326 1708 2390; x_wconf 82' lang='lat' dir='ltr'><strong>facile</strong></span> <span class='ocrx_word' id='word_1_170' title='bbox 1724 2327 1848 2404; x_wconf 91' lang='lat' dir='ltr'><strong>tollitur,</strong></span> <span class='ocrx_word' id='word_1_171' title='bbox 1872 2330 1897 2389; x_wconf 91' lang='lat' dir='ltr'><strong>si</strong></span> 
     </span>
     <span class='ocr_line' id='line_1_19' title="bbox 299 2423 1894 2514; baseline 0.001 -28"><span class='ocrx_word' id='word_1_172' title='bbox 299 2441 354 2505; x_wconf 92' lang='lat' dir='ltr'><strong>pro</strong></span> <span class='ocrx_word' id='word_1_173' title='bbox 375 2424 398 2487; x_wconf 84' lang='grc' dir='ltr'><strong>τ’</strong></span> <span class='ocrx_word' id='word_1_174' title='bbox 416 2423 591 2512; x_wconf 82' lang='grc' dir='ltr'><strong><em>ἰοοψόχον</em></strong></span> <span class='ocrx_word' id='word_1_175' title='bbox 612 2428 771 2508; x_wconf 79' lang='lat' dir='ltr'><strong>scripseris</strong></span> <span class='ocrx_word' id='word_1_176' title='bbox 786 2425 1006 2514; x_wconf 83' lang='grc' dir='ltr'><em>κακόψοχον,</em></span> <span class='ocrx_word' id='word_1_177' title='bbox 1031 2436 1098 2510; x_wconf 91' lang='lat' dir='ltr'><strong>post</strong></span> <span class='ocrx_word' id='word_1_178' title='bbox 1115 2423 1295 2508; x_wconf 80' lang='grc' dir='ltr'><em>κρατύνεις</em></span> <span class='ocrx_word' id='word_1_179' title='bbox 1310 2435 1456 2504; x_wconf 88' lang='lat' dir='ltr'><strong>commate</strong></span> <span class='ocrx_word' id='word_1_180' title='bbox 1470 2426 1644 2488; x_wconf 80' lang='lat' dir='ltr'><strong>distinxeris</strong></span> <span class='ocrx_word' id='word_1_181' title='bbox 1659 2433 1747 2506; x_wconf 86' lang='lat' dir='ltr'><strong>atque</strong></span> <span class='ocrx_word' id='word_1_182' title='bbox 1764 2427 1793 2487; x_wconf 91' lang='lat' dir='ltr'><strong>in</strong></span> <span class='ocrx_word' id='word_1_183' title='bbox 1809 2433 1894 2488; x_wconf 89' lang='lat' dir='ltr'><strong>stro-</strong></span> 
     </span>
     <span class='ocr_line' id='line_1_20' title="bbox 299 2521 1895 2608; baseline 0 -24"><span class='ocrx_word' id='word_1_184' title='bbox 299 2521 376 2602; x_wconf 91' lang='lat' dir='ltr'><strong>phae</strong></span> <span class='ocrx_word' id='word_1_185' title='bbox 398 2521 472 2599; x_wconf 87' lang='lat' dir='ltr'><strong>line,</strong></span> <span class='ocrx_word' id='word_1_186' title='bbox 494 2524 545 2586; x_wconf 94' lang='lat' dir='ltr'><strong>ubi</strong></span> <span class='ocrx_word' id='word_1_187' title='bbox 559 2521 656 2606; x_wconf 83' lang='grc' dir='ltr'><strong><em>φόνῳ</em></strong></span> <span class='ocrx_word' id='word_1_188' title='bbox 672 2544 689 2587; x_wconf 89' lang='lat' dir='ltr'><strong>e</strong></span> <span class='ocrx_word' id='word_1_189' title='bbox 706 2525 837 2602; x_wconf 78' lang='lat' dir='ltr'><strong>Subiitzii</strong></span> <span class='ocrx_word' id='word_1_190' title='bbox 852 2529 1027 2589; x_wconf 91' lang='lat' dir='ltr'><strong>coniectura</strong></span> <span class='ocrx_word' id='word_1_191' title='bbox 1041 2524 1226 2602; x_wconf 87' lang='lat' dir='ltr'><strong>addendum,</strong></span> <span class='ocrx_word' id='word_1_192' title='bbox 1246 2525 1492 2608; x_wconf 75' lang='lat' dir='ltr'><strong>interrogationis</strong></span> <span class='ocrx_word' id='word_1_193' title='bbox 1508 2525 1627 2606; x_wconf 82' lang='lat' dir='ltr'><strong>signum</strong></span> <span class='ocrx_word' id='word_1_194' title='bbox 1641 2525 1791 2604; x_wconf 86' lang='lat' dir='ltr'><strong>posueris,</strong></span> <span class='ocrx_word' id='word_1_195' title='bbox 1813 2522 1895 2585; x_wconf 88' lang='lat' dir='ltr'><strong>unde</strong></span> 
     </span>
     <span class='ocr_line' id='line_1_21' title="bbox 299 2621 1898 2716; baseline 0.001 -34"><span class='ocrx_word' id='word_1_196' title='bbox 299 2621 423 2701; x_wconf 76' lang='lat' dir='ltr'><strong>gravior</strong></span> <span class='ocrx_word' id='word_1_197' title='bbox 445 2621 521 2684; x_wconf 89' lang='lat' dir='ltr'><strong>baec</strong></span> <span class='ocrx_word' id='word_1_198' title='bbox 542 2624 653 2688; x_wconf 82' lang='lat' dir='ltr'><strong>existet</strong></span> <span class='ocrx_word' id='word_1_199' title='bbox 674 2625 840 2688; x_wconf 88' lang='lat' dir='ltr'><strong>sententia:</strong></span> <span class='ocrx_word' id='word_1_200' title='bbox 864 2625 984 2704; x_wconf 88' lang='lat' dir='ltr'><strong>,Deus,</strong></span> <span class='ocrx_word' id='word_1_201' title='bbox 1006 2627 1057 2706; x_wconf 89' lang='lat' dir='ltr'><strong>qui</strong></span> <span class='ocrx_word' id='word_1_202' title='bbox 1078 2627 1196 2708; x_wconf 80' lang='lat' dir='ltr'><strong>ingruis</strong></span> <span class='ocrx_word' id='word_1_203' title='bbox 1216 2625 1247 2686; x_wconf 90' lang='lat' dir='ltr'><strong>iu</strong></span> <span class='ocrx_word' id='word_1_204' title='bbox 1269 2623 1388 2688; x_wconf 88' lang='lat' dir='ltr'><strong>domurn</strong></span> <span class='ocrx_word' id='word_1_205' title='bbox 1405 2621 1638 2699; x_wconf 79' lang='lat' dir='ltr'><strong>Tantalidarum,</strong></span> <span class='ocrx_word' id='word_1_206' title='bbox 1659 2621 1766 2684; x_wconf 84' lang='lat' dir='ltr'><strong>fierine</strong></span> <span class='ocrx_word' id='word_1_207' title='bbox 1788 2629 1898 2716; x_wconf 62' lang='lat' dir='ltr'><strong>potest,</strong></span> 
     </span>
     <span class='ocr_line' id='line_1_22' title="bbox 299 2717 1897 2798; baseline 0.003 -19"><span class='ocrx_word' id='word_1_208' title='bbox 299 2725 332 2780; x_wconf 92' lang='lat' dir='ltr'><strong>ut</strong></span> <span class='ocrx_word' id='word_1_209' title='bbox 352 2718 584 2782; x_wconf 86' lang='lat' dir='ltr'><strong>dominationem</strong></span> <span class='ocrx_word' id='word_1_210' title='bbox 605 2723 681 2785; x_wconf 90' lang='lat' dir='ltr'><strong>male</strong></span> <span class='ocrx_word' id='word_1_211' title='bbox 703 2721 839 2786; x_wconf 79' lang='lat' dir='ltr'><strong>ferocem</strong></span> <span class='ocrx_word' id='word_1_212' title='bbox 859 2724 1024 2786; x_wconf 87' lang='lat' dir='ltr'><strong>mulierum</strong></span> <span class='ocrx_word' id='word_1_213' title='bbox 1039 2742 1107 2787; x_wconf 90' lang='lat' dir='ltr'><strong>curn</strong></span> <span class='ocrx_word' id='word_1_214' title='bbox 1129 2729 1217 2786; x_wconf 89' lang='lat' dir='ltr'><strong>acuto</strong></span> <span class='ocrx_word' id='word_1_215' title='bbox 1238 2724 1329 2786; x_wconf 91' lang='lat' dir='ltr'><strong>animi</strong></span> <span class='ocrx_word' id='word_1_216' title='bbox 1349 2723 1409 2785; x_wconf 90' lang='lat' dir='ltr'><strong>mei</strong></span> <span class='ocrx_word' id='word_1_217' title='bbox 1428 2720 1534 2784; x_wconf 90' lang='lat' dir='ltr'><strong>dolore</strong></span> <span class='ocrx_word' id='word_1_218' title='bbox 1550 2721 1725 2798; x_wconf 86' lang='lat' dir='ltr'><strong>confirmes,</strong></span> <span class='ocrx_word' id='word_1_219' title='bbox 1748 2719 1817 2783; x_wconf 92' lang='lat' dir='ltr'><strong>dum</strong></span> <span class='ocrx_word' id='word_1_220' title='bbox 1832 2717 1897 2797; x_wconf 79' lang='grc' dir='ltr'><em>(δέ,</em></span> 
     </span>
     <span class='ocr_line' id='line_1_23' title="bbox 300 2813 1897 2894; baseline 0.003 -19"><span class='ocrx_word' id='word_1_221' title='bbox 300 2813 338 2876; x_wconf 86' lang='lat' dir='ltr'><strong>ci.</strong></span> <span class='ocrx_word' id='word_1_222' title='bbox 354 2813 430 2878; x_wconf 88' lang='lat' dir='ltr'><strong>inira</strong></span> <span class='ocrx_word' id='word_1_223' title='bbox 453 2815 490 2876; x_wconf 91' lang='lat' dir='ltr'><strong>ad</strong></span> <span class='ocrx_word' id='word_1_224' title='bbox 511 2836 539 2878; x_wconf 88' lang='lat' dir='ltr'><strong>v.</strong></span> <span class='ocrx_word' id='word_1_225' title='bbox 557 2820 655 2894; x_wconf 83' lang='grc'><strong>1541)</strong></span> <span class='ocrx_word' id='word_1_226' title='bbox 676 2821 725 2884; x_wconf 92' lang='lat' dir='ltr'><strong>illa</strong></span> <span class='ocrx_word' id='word_1_227' title='bbox 747 2824 835 2884; x_wconf 85' lang='lat' dir='ltr'><strong>corvi</strong></span> <span class='ocrx_word' id='word_1_228' title='bbox 852 2839 937 2884; x_wconf 91' lang='lat' dir='ltr'><strong>more</strong></span> <span class='ocrx_word' id='word_1_229' title='bbox 959 2829 1042 2885; x_wconf 91' lang='lat' dir='ltr'><strong>stans</strong></span> <span class='ocrx_word' id='word_1_230' title='bbox 1064 2823 1094 2884; x_wconf 90' lang='lat' dir='ltr'><strong>in</strong></span> <span class='ocrx_word' id='word_1_231' title='bbox 1117 2820 1268 2884; x_wconf 83' lang='lat' dir='ltr'><strong>cadauere</strong></span> <span class='ocrx_word' id='word_1_232' title='bbox 1290 2819 1452 2884; x_wconf 79' lang='lat' dir='ltr'><strong>nefandum</strong></span> <span class='ocrx_word' id='word_1_233' title='bbox 1473 2822 1504 2882; x_wconf 92' lang='lat' dir='ltr'><strong>in</strong></span> <span class='ocrx_word' id='word_1_234' title='bbox 1518 2819 1639 2883; x_wconf 91' lang='lat' dir='ltr'><strong>modum</strong></span> <span class='ocrx_word' id='word_1_235' title='bbox 1654 2826 1773 2882; x_wconf 88' lang='lat' dir='ltr'><strong>cantum</strong></span> <span class='ocrx_word' id='word_1_236' title='bbox 1788 2820 1897 2881; x_wconf 82' lang='lat' dir='ltr'><strong>nium-</strong></span> 
     </span>
    </p>

    <p class='ocr_par' dir='ltr' id='par_1_4' title="bbox 300 2912 1013 2998">
     <span class='ocr_line' id='line_1_24' title="bbox 300 2912 1013 2998; baseline 0.013 -25"><span class='ocrx_word' id='word_1_237' title='bbox 300 2912 417 2992; x_wconf 90' lang='lat' dir='ltr'><strong>pbalem</strong></span> <span class='ocrx_word' id='word_1_238' title='bbox 440 2931 532 2993; x_wconf 89' lang='lat' dir='ltr'><strong>super</strong></span> <span class='ocrx_word' id='word_1_239' title='bbox 553 2917 648 2980; x_wconf 87' lang='lat' dir='ltr'><strong>caede</strong></span> <span class='ocrx_word' id='word_1_240' title='bbox 670 2937 780 2998; x_wconf 82' lang='lat' dir='ltr'><strong>magua</strong></span> <span class='ocrx_word' id='word_1_241' title='bbox 798 2939 878 2982; x_wconf 80' lang='lat' dir='ltr'><strong>uoce</strong></span> <span class='ocrx_word' id='word_1_242' title='bbox 900 2921 1013 2984; x_wconf 80' lang='lat' dir='ltr'><strong>editi“</strong></span> 
     </span>
    </p>
   </div>
   <div class='ocr_carea' id='block_1_3' title="bbox 300 3035 1896 3591">
    <p class='ocr_par' dir='ltr' id='par_1_5' title="bbox 300 3035 1896 3591">
     <span class='ocr_line' id='line_1_25' title="bbox 384 3035 1896 3124; baseline 0.002 -28"><span class='ocrx_word' id='word_1_243' title='bbox 384 3037 472 3097; x_wconf 83' lang='grc'><strong>1450.</strong></span> <span class='ocrx_word' id='word_1_244' title='bbox 502 3037 540 3098; x_wconf 86' lang='grc' dir='ltr'><strong>ἐκ</strong></span> <span class='ocrx_word' id='word_1_245' title='bbox 561 3038 621 3100; x_wconf 84' lang='grc' dir='ltr'><strong>τοῦ</strong></span> <span class='ocrx_word' id='word_1_246' title='bbox 642 3035 708 3120; x_wconf 83' lang='grc' dir='ltr'><strong>γὰρ</strong></span> <span class='ocrx_word' id='word_1_247' title='bbox 730 3037 820 3118; x_wconf 86' lang='grc' dir='ltr'><em>ἔρως</em></span> <span class='ocrx_word' id='word_1_248' title='bbox 842 3035 1087 3124; x_wconf 75' lang='grc' dir='ltr'><em>αἱματολοιχὸς</em></span> <span class='ocrx_word' id='word_1_249' title='bbox 1104 3037 1206 3118; x_wconf 86' lang='grc' dir='ltr'><em>νείρει</em></span> <span class='ocrx_word' id='word_1_250' title='bbox 1220 3036 1389 3118; x_wconf 78' lang='grc' dir='ltr'><em>τρέφεται.</em></span> <span class='ocrx_word' id='word_1_251' title='bbox 1424 3035 1576 3100; x_wconf 86' lang='lat' dir='ltr'><strong>Laborant</strong></span> <span class='ocrx_word' id='word_1_252' title='bbox 1591 3039 1774 3118; x_wconf 85' lang='lat' dir='ltr'><strong>interpretes</strong></span> <span class='ocrx_word' id='word_1_253' title='bbox 1789 3038 1819 3099; x_wconf 91' lang='lat' dir='ltr'><strong>in</strong></span> <span class='ocrx_word' id='word_1_254' title='bbox 1835 3057 1896 3100; x_wconf 87' lang='lat' dir='ltr'><strong>ex·</strong></span> 
     </span>
     <span class='ocr_line' id='line_1_26' title="bbox 301 3131 1892 3218; baseline 0.003 -24"><span class='ocrx_word' id='word_1_255' title='bbox 301 3132 438 3213; x_wconf 90' lang='lat' dir='ltr'><strong>plicando</strong></span> <span class='ocrx_word' id='word_1_256' title='bbox 460 3132 576 3212; x_wconf 84' lang='grc' dir='ltr'><em>νείρει,</em></span> <span class='ocrx_word' id='word_1_257' title='bbox 598 3134 679 3214; x_wconf 82' lang='lat' dir='ltr'><strong>quod</strong></span> <span class='ocrx_word' id='word_1_258' title='bbox 700 3135 768 3197; x_wconf 89' lang='lat' dir='ltr'><strong>abbi</strong></span> <span class='ocrx_word' id='word_1_259' title='bbox 782 3153 844 3196; x_wconf 94' lang='lat' dir='ltr'><strong>non</strong></span> <span class='ocrx_word' id='word_1_260' title='bbox 858 3137 983 3217; x_wconf 83' lang='lat' dir='ltr'><strong>legitur,</strong></span> <span class='ocrx_word' id='word_1_261' title='bbox 1005 3152 1105 3216; x_wconf 89' lang='lat' dir='ltr'><strong>neque</strong></span> <span class='ocrx_word' id='word_1_262' title='bbox 1122 3133 1244 3197; x_wconf 90' lang='lat' dir='ltr'><strong>omnino</strong></span> <span class='ocrx_word' id='word_1_263' title='bbox 1259 3131 1484 3199; x_wconf 85' lang='lat' dir='ltr'><strong>Schneidewiui</strong></span> <span class='ocrx_word' id='word_1_264' title='bbox 1498 3143 1631 3198; x_wconf 90' lang='lat' dir='ltr'><strong>mentem</strong></span> <span class='ocrx_word' id='word_1_265' title='bbox 1645 3135 1781 3218; x_wconf 82' lang='lat' dir='ltr'><strong>intelligo</strong></span> <span class='ocrx_word' id='word_1_266' title='bbox 1797 3135 1892 3218; x_wconf 75' lang='grc' dir='ltr'><em>νείρᾳ</em></span> 
     </span>
     <span class='ocr_line' id='line_1_27' title="bbox 303 3230 1894 3316; baseline 0.002 -25"><span class='ocrx_word' id='word_1_267' title='bbox 303 3232 463 3292; x_wconf 90' lang='lat' dir='ltr'><strong>scribentis</strong></span> <span class='ocrx_word' id='word_1_268' title='bbox 496 3239 527 3292; x_wconf 89' lang='lat' dir='ltr'><strong>et</strong></span> <span class='ocrx_word' id='word_1_269' title='bbox 554 3230 714 3294; x_wconf 86' lang='lat' dir='ltr'><strong>reddentis</strong></span> <span class='ocrx_word' id='word_1_270' title='bbox 738 3232 928 3312; x_wconf 88' lang='lat' dir='ltr'><strong>,adnutritus</strong></span> <span class='ocrx_word' id='word_1_271' title='bbox 957 3235 1056 3297; x_wconf 86' lang='lat' dir='ltr'><strong>ventri</strong></span> <span class='ocrx_word' id='word_1_272' title='bbox 1084 3233 1309 3314; x_wconf 83' lang='lat' dir='ltr'><strong>posterorum“.</strong></span> <span class='ocrx_word' id='word_1_273' title='bbox 1348 3233 1443 3296; x_wconf 86' lang='lat' dir='ltr'><strong>lleote</strong></span> <span class='ocrx_word' id='word_1_274' title='bbox 1464 3233 1607 3316; x_wconf 81' lang='lat' dir='ltr'><strong>Eugerus</strong></span> <span class='ocrx_word' id='word_1_275' title='bbox 1629 3241 1801 3314; x_wconf 91' lang='lat' dir='ltr'><strong>corruptum</strong></span> <span class='ocrx_word' id='word_1_276' title='bbox 1823 3253 1894 3296; x_wconf 90' lang='lat' dir='ltr'><strong>esse</strong></span> 
     </span>
     <span class='ocr_line' id='line_1_28' title="bbox 300 3327 1895 3416; baseline 0.003 -27"><span class='ocrx_word' id='word_1_277' title='bbox 300 3327 417 3390; x_wconf 91' lang='lat' dir='ltr'><strong>iudicat.</strong></span> <span class='ocrx_word' id='word_1_278' title='bbox 461 3329 526 3391; x_wconf 87' lang='lat' dir='ltr'><strong>Fuit</strong></span> <span class='ocrx_word' id='word_1_279' title='bbox 554 3349 644 3410; x_wconf 88' lang='lat' dir='ltr'><strong>quum</strong></span> <span class='ocrx_word' id='word_1_280' title='bbox 671 3333 842 3412; x_wconf 89' lang='lat' dir='ltr'><strong>suspicarer</strong></span> <span class='ocrx_word' id='word_1_281' title='bbox 863 3328 984 3414; x_wconf 83' lang='grc' dir='ltr'><em>νηλής,</em></span> <span class='ocrx_word' id='word_1_282' title='bbox 1014 3349 1121 3394; x_wconf 81' lang='lat' dir='ltr'><strong>verum</strong></span> <span class='ocrx_word' id='word_1_283' title='bbox 1141 3338 1247 3412; x_wconf 89' lang='lat' dir='ltr'><strong>postea</strong></span> <span class='ocrx_word' id='word_1_284' title='bbox 1268 3329 1446 3394; x_wconf 90' lang='lat' dir='ltr'><strong>recordatus</strong></span> <span class='ocrx_word' id='word_1_285' title='bbox 1476 3331 1571 3394; x_wconf 85' lang='lat' dir='ltr'><strong>verba</strong></span> <span class='ocrx_word' id='word_1_286' title='bbox 1593 3329 1724 3412; x_wconf 85' lang='lat' dir='ltr'><strong>Gboepb.</strong></span> <span class='ocrx_word' id='word_1_287' title='bbox 1748 3333 1787 3394; x_wconf 86' lang='grc'><strong>40</strong></span> <span class='ocrx_word' id='word_1_288' title='bbox 1809 3338 1895 3416; x_wconf 79' lang='grc' dir='ltr'><em>μεμ-</em></span> 
     </span>
     <span class='ocr_line' id='line_1_29' title="bbox 301 3423 1890 3515; baseline 0.001 -26"><span class='ocrx_word' id='word_1_289' title='bbox 301 3423 432 3504; x_wconf 77' lang='grc' dir='ltr'><em>φεοθαι</em></span> <span class='ocrx_word' id='word_1_290' title='bbox 453 3424 533 3504; x_wconf 84' lang='grc' dir='ltr'><em>τοὺς</em></span> <span class='ocrx_word' id='word_1_291' title='bbox 554 3427 618 3509; x_wconf 82' lang='grc' dir='ltr'><em>γᾶς</em></span> <span class='ocrx_word' id='word_1_292' title='bbox 640 3427 760 3508; x_wconf 83' lang='grc' dir='ltr'><em>νέρθεν</em></span> <span class='ocrx_word' id='word_1_293' title='bbox 780 3427 998 3515; x_wconf 87' lang='grc' dir='ltr'><em>περιθύμως,</em></span> <span class='ocrx_word' id='word_1_294' title='bbox 1020 3429 1212 3494; x_wconf 83' lang='lat' dir='ltr'><strong>scribendum</strong></span> <span class='ocrx_word' id='word_1_295' title='bbox 1232 3431 1333 3511; x_wconf 86' lang='lat' dir='ltr'><strong>putavi</strong></span> <span class='ocrx_word' id='word_1_296' title='bbox 1348 3427 1483 3510; x_wconf 82' lang='grc' dir='ltr'><em>νέρθεν,</em></span> <span class='ocrx_word' id='word_1_297' title='bbox 1505 3428 1574 3510; x_wconf 83' lang='lat' dir='ltr'><strong>quia</strong></span> <span class='ocrx_word' id='word_1_298' title='bbox 1589 3429 1636 3492; x_wconf 90' lang='lat' dir='ltr'><strong>illa</strong></span> <span class='ocrx_word' id='word_1_299' title='bbox 1651 3431 1807 3512; x_wconf 84' lang='lat' dir='ltr'><strong>sanguinis</strong></span> <span class='ocrx_word' id='word_1_300' title='bbox 1823 3433 1890 3491; x_wconf 86' lang='lat' dir='ltr'><strong>avi-</strong></span> 
     </span>
     <span class='ocr_line' id='line_1_30' title="bbox 302 3523 934 3591; baseline 0.011 -7"><span class='ocrx_word' id='word_1_301' title='bbox 302 3523 377 3585; x_wconf 90' lang='lat' dir='ltr'><strong>ditas</strong></span> <span class='ocrx_word' id='word_1_302' title='bbox 400 3543 417 3586; x_wconf 90' lang='lat' dir='ltr'><strong>a</strong></span> <span class='ocrx_word' id='word_1_303' title='bbox 439 3523 586 3587; x_wconf 90' lang='lat' dir='ltr'><strong>daemone</strong></span> <span class='ocrx_word' id='word_1_304' title='bbox 609 3543 650 3588; x_wconf 86' lang='lat' dir='ltr'><strong>ex</strong></span> <span class='ocrx_word' id='word_1_305' title='bbox 671 3525 776 3589; x_wconf 89' lang='lat' dir='ltr'><strong>inieris</strong></span> <span class='ocrx_word' id='word_1_306' title='bbox 798 3529 934 3591; x_wconf 89' lang='lat' dir='ltr'><strong>nutritur.</strong></span> 
     </span>
    </p>
   </div>
   <div class='ocr_carea' id='block_1_4' title="bbox 223 3643 1896 4520">
    <p class='ocr_par' dir='ltr' id='par_1_6' title="bbox 223 3643 1896 4520">
     <span class='ocr_line' id='line_1_31' title="bbox 385 3643 1895 3737; baseline 0.004 -29"><span class='ocrx_word' id='word_1_307' title='bbox 385 3649 473 3710; x_wconf 82' lang='grc'><strong>1453.</strong></span> <span class='ocrx_word' id='word_1_308' title='bbox 509 3643 658 3734; x_wconf 80' lang='grc' dir='ltr'><em>ἧμέγαν</em></span> <span class='ocrx_word' id='word_1_309' title='bbox 680 3651 789 3730; x_wconf 81' lang='grc' dir='ltr'><em>οἴκοις</em></span> <span class='ocrx_word' id='word_1_310' title='bbox 813 3649 920 3731; x_wconf 79' lang='grc' dir='ltr'><em>τοῖςόε</em></span> <span class='ocrx_word' id='word_1_311' title='bbox 942 3649 1089 3736; x_wconf 77' lang='grc' dir='ltr'><em>δαίμονα</em></span> <span class='ocrx_word' id='word_1_312' title='bbox 1110 3650 1169 3714; x_wconf 85' lang='grc' dir='ltr'><em>καὶ</em></span> <span class='ocrx_word' id='word_1_313' title='bbox 1189 3649 1384 3737; x_wconf 80' lang='grc' dir='ltr'><em>βαρύμηνιν</em></span> <span class='ocrx_word' id='word_1_314' title='bbox 1406 3651 1521 3730; x_wconf 81' lang='grc' dir='ltr'><em>αἰνεῖς.</em></span> <span class='ocrx_word' id='word_1_315' title='bbox 1557 3651 1654 3724; x_wconf 85' lang='lat' dir='ltr'><strong>Quum</strong></span> <span class='ocrx_word' id='word_1_316' title='bbox 1676 3651 1795 3734; x_wconf 81' lang='lat' dir='ltr'><strong>vulgata</strong></span> <span class='ocrx_word' id='word_1_317' title='bbox 1814 3657 1895 3714; x_wconf 86' lang='lat' dir='ltr'><strong>stare</strong></span> 
     </span>
     <span class='ocr_line' id='line_1_32' title="bbox 304 3741 1896 3835; baseline 0.004 -29"><span class='ocrx_word' id='word_1_318' title='bbox 304 3747 458 3826; x_wconf 89' lang='lat' dir='ltr'><strong>nequiret,</strong></span> <span class='ocrx_word' id='word_1_319' title='bbox 487 3753 611 3828; x_wconf 88' lang='lat' dir='ltr'><strong>propter</strong></span> <span class='ocrx_word' id='word_1_320' title='bbox 640 3747 758 3832; x_wconf 78' lang='grc' dir='ltr'><em>γέννης</em></span> <span class='ocrx_word' id='word_1_321' title='bbox 783 3747 882 3830; x_wconf 81' lang='grc' dir='ltr'><em>τῆςὸε</em></span> <span class='ocrx_word' id='word_1_322' title='bbox 909 3769 937 3812; x_wconf 90' lang='lat' dir='ltr'><strong>v.</strong></span> <span class='ocrx_word' id='word_1_323' title='bbox 962 3751 1040 3813; x_wconf 87' lang='grc'><strong>1449</strong></span> <span class='ocrx_word' id='word_1_324' title='bbox 1067 3752 1125 3812; x_wconf 92' lang='lat' dir='ltr'><strong>iarn</strong></span> <span class='ocrx_word' id='word_1_325' title='bbox 1153 3749 1269 3832; x_wconf 87' lang='lat' dir='ltr'><strong>pridem</strong></span> <span class='ocrx_word' id='word_1_326' title='bbox 1297 3750 1489 3812; x_wconf 89' lang='lat' dir='ltr'><strong>conieceram</strong></span> <span class='ocrx_word' id='word_1_327' title='bbox 1517 3741 1669 3835; x_wconf 79' lang='grc' dir='ltr'><em>ἦμέγαν</em></span> <span class='ocrx_word' id='word_1_328' title='bbox 1692 3745 1896 3832; x_wconf 79' lang='grc' dir='ltr'><em>Ἀιρείθαις,</em></span> 
     </span>
     <span class='ocr_line' id='line_1_33' title="bbox 223 3837 1896 3930; baseline 0.002 -25"><span class='ocrx_word' id='word_1_329' title='bbox 223 3837 227 3842; x_wconf 76' lang='grc'><strong>’</strong></span> <span class='ocrx_word' id='word_1_330' title='bbox 301 3843 381 3924; x_wconf 88' lang='lat' dir='ltr'><strong>quod</strong></span> <span class='ocrx_word' id='word_1_331' title='bbox 410 3845 498 3907; x_wconf 88' lang='lat' dir='ltr'><strong>etiarn</strong></span> <span class='ocrx_word' id='word_1_332' title='bbox 527 3845 682 3928; x_wconf 80' lang='lat' dir='ltr'><strong>Kayserus</strong></span> <span class='ocrx_word' id='word_1_333' title='bbox 710 3849 872 3928; x_wconf 90' lang='lat' dir='ltr'><strong>proposuit.</strong></span> <span class='ocrx_word' id='word_1_334' title='bbox 915 3847 1024 3911; x_wconf 84' lang='lat' dir='ltr'><strong>Postea</strong></span> <span class='ocrx_word' id='word_1_335' title='bbox 1051 3847 1206 3911; x_wconf 89' lang='lat' dir='ltr'><strong>literarum</strong></span> <span class='ocrx_word' id='word_1_336' title='bbox 1234 3847 1361 3930; x_wconf 82' lang='lat' dir='ltr'><strong>adquam</strong></span> <span class='ocrx_word' id='word_1_337' title='bbox 1390 3847 1611 3910; x_wconf 89' lang='lat' dir='ltr'><strong>similitudinem</strong></span> <span class='ocrx_word' id='word_1_338' title='bbox 1642 3850 1800 3930; x_wconf 78' lang='lat' dir='ltr'><strong>quaerenti</strong></span> <span class='ocrx_word' id='word_1_339' title='bbox 1827 3847 1896 3910; x_wconf 90' lang='lat' dir='ltr'><strong>rnibi</strong></span> 
     </span>
     <span class='ocr_line' id='line_1_34' title="bbox 302 3941 1896 4032; baseline 0.003 -28"><span class='ocrx_word' id='word_1_340' title='bbox 302 3960 421 4024; x_wconf 87' lang='lat' dir='ltr'><strong>quoque</strong></span> <span class='ocrx_word' id='word_1_341' title='bbox 444 3961 478 4006; x_wconf 92' lang='lat' dir='ltr'><strong>se</strong></span> <span class='ocrx_word' id='word_1_342' title='bbox 501 3945 604 4007; x_wconf 89' lang='lat' dir='ltr'><strong>obtulit</strong></span> <span class='ocrx_word' id='word_1_343' title='bbox 629 3953 661 4007; x_wconf 92' lang='lat' dir='ltr'><strong>ut</strong></span> <span class='ocrx_word' id='word_1_344' title='bbox 683 3945 915 4009; x_wconf 87' lang='lat' dir='ltr'><strong>Schneidewino</strong></span> <span class='ocrx_word' id='word_1_345' title='bbox 938 3941 1118 4032; x_wconf 86' lang='grc' dir='ltr'><strong><em>οἰκονόμον</em></strong></span> <span class='ocrx_word' id='word_1_346' title='bbox 1138 3947 1248 4008; x_wconf 89' lang='lat' dir='ltr'><strong>lectum</strong></span> <span class='ocrx_word' id='word_1_347' title='bbox 1270 3966 1299 4008; x_wconf 90' lang='lat' dir='ltr'><strong>v.</strong></span> <span class='ocrx_word' id='word_1_348' title='bbox 1325 3947 1396 4008; x_wconf 90' lang='grc'><strong>146.</strong></span> <span class='ocrx_word' id='word_1_349' title='bbox 1440 3945 1505 4008; x_wconf 89' lang='lat' dir='ltr'><strong>Nec</strong></span> <span class='ocrx_word' id='word_1_350' title='bbox 1526 3953 1613 4028; x_wconf 91' lang='lat' dir='ltr'><strong>puto,</strong></span> <span class='ocrx_word' id='word_1_351' title='bbox 1643 3945 1723 4028; x_wconf 88' lang='lat' dir='ltr'><strong>quod</strong></span> <span class='ocrx_word' id='word_1_352' title='bbox 1745 3946 1784 4008; x_wconf 89' lang='lat' dir='ltr'><strong>ibi</strong></span> <span class='ocrx_word' id='word_1_353' title='bbox 1806 3947 1896 4010; x_wconf 86' lang='grc' dir='ltr'><strong><em>οἰκο-</em></strong></span> 
     </span>
     <span class='ocr_line' id='line_1_35' title="bbox 301 4035 1896 4126; baseline 0.001 -23"><span class='ocrx_word' id='word_1_354' title='bbox 301 4035 408 4126; x_wconf 87' lang='grc' dir='ltr'><em>νόμος</em></span> <span class='ocrx_word' id='word_1_355' title='bbox 428 4045 529 4126; x_wconf 84' lang='grc' dir='ltr'><em>μῆιις</em></span> <span class='ocrx_word' id='word_1_356' title='bbox 551 4043 588 4105; x_wconf 92' lang='lat' dir='ltr'><strong>ad</strong></span> <span class='ocrx_word' id='word_1_357' title='bbox 610 4043 877 4124; x_wconf 82' lang='lat' dir='ltr'><strong>Clytaemnestram</strong></span> <span class='ocrx_word' id='word_1_358' title='bbox 897 4043 1102 4122; x_wconf 79' lang='lat' dir='ltr'><strong>referebatur,</strong></span> <span class='ocrx_word' id='word_1_359' title='bbox 1124 4043 1204 4106; x_wconf 89' lang='lat' dir='ltr'><strong>idem</strong></span> <span class='ocrx_word' id='word_1_360' title='bbox 1225 4044 1403 4107; x_wconf 86' lang='lat' dir='ltr'><strong>vocabulum</strong></span> <span class='ocrx_word' id='word_1_361' title='bbox 1424 4043 1472 4108; x_wconf 92' lang='lat' dir='ltr'><strong>hic</strong></span> <span class='ocrx_word' id='word_1_362' title='bbox 1494 4062 1556 4106; x_wconf 94' lang='lat' dir='ltr'><strong>non</strong></span> <span class='ocrx_word' id='word_1_363' title='bbox 1579 4045 1650 4106; x_wconf 90' lang='lat' dir='ltr'><strong>satis</strong></span> <span class='ocrx_word' id='word_1_364' title='bbox 1672 4053 1740 4126; x_wconf 90' lang='lat' dir='ltr'><strong>apte</strong></span> <span class='ocrx_word' id='word_1_365' title='bbox 1756 4043 1896 4106; x_wconf 89' lang='lat' dir='ltr'><strong>daemoni</strong></span> 
     </span>
     <span class='ocr_line' id='line_1_36' title="bbox 302 4138 1896 4226; baseline 0.003 -26"><span class='ocrx_word' id='word_1_366' title='bbox 302 4138 403 4218; x_wconf 92' lang='lat' dir='ltr'><strong>tribui,</strong></span> <span class='ocrx_word' id='word_1_367' title='bbox 430 4159 507 4222; x_wconf 86' lang='lat' dir='ltr'><strong>quae</strong></span> <span class='ocrx_word' id='word_1_368' title='bbox 529 4141 656 4223; x_wconf 79' lang='lat' dir='ltr'><strong>Kayseri</strong></span> <span class='ocrx_word' id='word_1_369' title='bbox 685 4146 834 4207; x_wconf 88' lang='lat' dir='ltr'><strong>sententia</strong></span> <span class='ocrx_word' id='word_1_370' title='bbox 856 4152 911 4206; x_wconf 88' lang='lat' dir='ltr'><strong>est.</strong></span> <span class='ocrx_word' id='word_1_371' title='bbox 954 4143 1028 4205; x_wconf 89' lang='lat' dir='ltr'><strong>Nam</strong></span> <span class='ocrx_word' id='word_1_372' title='bbox 1050 4141 1308 4224; x_wconf 78' lang='lat' dir='ltr'><strong>Clytaemnestrae</strong></span> <span class='ocrx_word' id='word_1_373' title='bbox 1332 4145 1540 4206; x_wconf 87' lang='lat' dir='ltr'><strong>succensentis</strong></span> <span class='ocrx_word' id='word_1_374' title='bbox 1562 4141 1677 4206; x_wconf 90' lang='lat' dir='ltr'><strong>insidiis</strong></span> <span class='ocrx_word' id='word_1_375' title='bbox 1698 4143 1770 4226; x_wconf 89' lang='lat' dir='ltr'><strong>ipsis</strong></span> <span class='ocrx_word' id='word_1_376' title='bbox 1792 4143 1896 4206; x_wconf 90' lang='lat' dir='ltr'><strong>subest</strong></span> 
     </span>
     <span class='ocr_line' id='line_1_37' title="bbox 302 4237 1894 4326; baseline 0.003 -27"><span class='ocrx_word' id='word_1_377' title='bbox 302 4237 429 4320; x_wconf 87' lang='lat' dir='ltr'><strong>quodam</strong></span> <span class='ocrx_word' id='word_1_378' title='bbox 451 4239 540 4303; x_wconf 90' lang='lat' dir='ltr'><strong>modo</strong></span> <span class='ocrx_word' id='word_1_379' title='bbox 562 4243 671 4326; x_wconf 81' lang='lat' dir='ltr'><strong>genius</strong></span> <span class='ocrx_word' id='word_1_380' title='bbox 693 4241 792 4306; x_wconf 87' lang='lat' dir='ltr'><strong>dornui</strong></span> <span class='ocrx_word' id='word_1_381' title='bbox 813 4241 954 4321; x_wconf 82' lang='lat' dir='ltr'><strong>infestus,</strong></span> <span class='ocrx_word' id='word_1_382' title='bbox 976 4251 1007 4306; x_wconf 90' lang='lat' dir='ltr'><strong>et</strong></span> <span class='ocrx_word' id='word_1_383' title='bbox 1028 4242 1111 4326; x_wconf 86' lang='lat' dir='ltr'><strong>genii</strong></span> <span class='ocrx_word' id='word_1_384' title='bbox 1133 4243 1224 4320; x_wconf 91' lang='lat' dir='ltr'><strong>illius,</strong></span> <span class='ocrx_word' id='word_1_385' title='bbox 1246 4261 1307 4306; x_wconf 92' lang='lat' dir='ltr'><strong>non</strong></span> <span class='ocrx_word' id='word_1_386' title='bbox 1331 4261 1416 4306; x_wconf 84' lang='lat' dir='ltr'><strong>suunt</strong></span> <span class='ocrx_word' id='word_1_387' title='bbox 1438 4261 1508 4304; x_wconf 90' lang='lat' dir='ltr'><strong>esse</strong></span> <span class='ocrx_word' id='word_1_388' title='bbox 1530 4241 1646 4304; x_wconf 86' lang='lat' dir='ltr'><strong>lacinus</strong></span> <span class='ocrx_word' id='word_1_389' title='bbox 1667 4243 1775 4326; x_wconf 83' lang='lat' dir='ltr'><strong>regina</strong></span> <span class='ocrx_word' id='word_1_390' title='bbox 1797 4241 1894 4324; x_wconf 91' lang='lat' dir='ltr'><strong>paullo</strong></span> 
     </span>
     <span class='ocr_line' id='line_1_38' title="bbox 301 4335 1895 4424; baseline 0.003 -26"><span class='ocrx_word' id='word_1_391' title='bbox 301 4345 368 4416; x_wconf 92' lang='lat' dir='ltr'><strong>post</strong></span> <span class='ocrx_word' id='word_1_392' title='bbox 389 4335 521 4401; x_wconf 84' lang='lat' dir='ltr'><strong>affirmet.</strong></span> <span class='ocrx_word' id='word_1_393' title='bbox 554 4340 656 4423; x_wconf 86' lang='lat' dir='ltr'><strong>ltaque</strong></span> <span class='ocrx_word' id='word_1_394' title='bbox 677 4359 738 4403; x_wconf 95' lang='lat' dir='ltr'><strong>non</strong></span> <span class='ocrx_word' id='word_1_395' title='bbox 760 4345 892 4420; x_wconf 85' lang='lat' dir='ltr'><strong>vitatam,</strong></span> <span class='ocrx_word' id='word_1_396' title='bbox 915 4341 969 4404; x_wconf 89' lang='lat' dir='ltr'><strong>sed</strong></span> <span class='ocrx_word' id='word_1_397' title='bbox 991 4359 1088 4422; x_wconf 90' lang='lat' dir='ltr'><strong>paene</strong></span> <span class='ocrx_word' id='word_1_398' title='bbox 1111 4343 1274 4424; x_wconf 88' lang='lat' dir='ltr'><strong>quaesitam</strong></span> <span class='ocrx_word' id='word_1_399' title='bbox 1297 4360 1367 4404; x_wconf 91' lang='lat' dir='ltr'><strong>esse</strong></span> <span class='ocrx_word' id='word_1_400' title='bbox 1389 4339 1503 4402; x_wconf 86' lang='lat' dir='ltr'><strong>dixeris</strong></span> <span class='ocrx_word' id='word_1_401' title='bbox 1518 4358 1535 4401; x_wconf 89' lang='lat' dir='ltr'><strong>a</strong></span> <span class='ocrx_word' id='word_1_402' title='bbox 1551 4347 1640 4421; x_wconf 90' lang='lat' dir='ltr'><strong>poeta</strong></span> <span class='ocrx_word' id='word_1_403' title='bbox 1655 4339 1792 4403; x_wconf 88' lang='lat' dir='ltr'><strong>vocabuli</strong></span> <span class='ocrx_word' id='word_1_404' title='bbox 1806 4341 1895 4404; x_wconf 88' lang='grc' dir='ltr'><em>οἰκο-</em></span> 
     </span>
     <span class='ocr_line' id='line_1_39' title="bbox 301 4431 625 4520; baseline 0.006 -22"><span class='ocrx_word' id='word_1_405' title='bbox 301 4431 407 4520; x_wconf 91' lang='grc' dir='ltr'><strong><em>νόμον</em></strong></span> <span class='ocrx_word' id='word_1_406' title='bbox 428 4438 625 4502; x_wconf 88' lang='lat' dir='ltr'><strong>iterationem.</strong></span> 
     </span>
    </p>
   </div>
   <div class='ocr_carea' id='block_1_5' title="bbox 302 4557 1895 4748">
    <p class='ocr_par' dir='ltr' id='par_1_7' title="bbox 302 4557 1895 4748">
     <span class='ocr_line' id='line_1_40' title="bbox 386 4557 1895 4647; baseline 0.001 -26"><span class='ocrx_word' id='word_1_407' title='bbox 386 4563 475 4622; x_wconf 76' lang='grc'><strong>1451.</strong></span> <span class='ocrx_word' id='word_1_408' title='bbox 513 4559 568 4638; x_wconf 82' lang='grc' dir='ltr'><strong>ἰύ,</strong></span> <span class='ocrx_word' id='word_1_409' title='bbox 590 4563 624 4645; x_wconf 81' lang='grc' dir='ltr'><strong>ἰὴ</strong></span> <span class='ocrx_word' id='word_1_410' title='bbox 649 4561 718 4627; x_wconf 80' lang='grc' dir='ltr'><em>διαὶ</em></span> <span class='ocrx_word' id='word_1_411' title='bbox 740 4565 823 4643; x_wconf 81' lang='grc' dir='ltr'><em>Διὸς</em></span> <span class='ocrx_word' id='word_1_412' title='bbox 846 4563 1025 4630; x_wconf 71' lang='grc' dir='ltr'><em>παναιτίου</em></span> <span class='ocrx_word' id='word_1_413' title='bbox 1044 4563 1241 4647; x_wconf 78' lang='grc' dir='ltr'><em>πανεργέτα</em></span> <span class='ocrx_word' id='word_1_414' title='bbox 1271 4563 1329 4626; x_wconf 88' lang='lat' dir='ltr'><strong>Pro</strong></span> <span class='ocrx_word' id='word_1_415' title='bbox 1344 4561 1413 4628; x_wconf 83' lang='grc' dir='ltr'><strong>διαί</strong></span> <span class='ocrx_word' id='word_1_416' title='bbox 1427 4562 1565 4645; x_wconf 82' lang='lat' dir='ltr'><strong>Hartung</strong></span> <span class='ocrx_word' id='word_1_417' title='bbox 1579 4560 1664 4637; x_wconf 76' lang='grc' dir='ltr'><em>θύα,</em></span> <span class='ocrx_word' id='word_1_418' title='bbox 1684 4559 1790 4644; x_wconf 78' lang='lat' dir='ltr'><strong>Euger</strong></span> <span class='ocrx_word' id='word_1_419' title='bbox 1805 4557 1895 4624; x_wconf 82' lang='grc' dir='ltr'><em>δύαι.</em></span> 
     </span>
     <span class='ocr_line' id='line_1_41' title="bbox 302 4658 1332 4748; baseline 0.007 -29"><span class='ocrx_word' id='word_1_420' title='bbox 302 4658 399 4722; x_wconf 89' lang='lat' dir='ltr'><strong>blalim</strong></span> <span class='ocrx_word' id='word_1_421' title='bbox 422 4659 525 4736; x_wconf 82' lang='grc' dir='ltr'><em>Δι’κα,</em></span> <span class='ocrx_word' id='word_1_422' title='bbox 547 4680 634 4742; x_wconf 93' lang='lat' dir='ltr'><strong>quarn</strong></span> <span class='ocrx_word' id='word_1_423' title='bbox 656 4665 686 4724; x_wconf 91' lang='lat' dir='ltr'><strong>in</strong></span> <span class='ocrx_word' id='word_1_424' title='bbox 708 4663 763 4726; x_wconf 90' lang='lat' dir='ltr'><strong>bac</strong></span> <span class='ocrx_word' id='word_1_425' title='bbox 785 4663 921 4728; x_wconf 89' lang='lat' dir='ltr'><strong>caedium</strong></span> <span class='ocrx_word' id='word_1_426' title='bbox 942 4666 1023 4728; x_wconf 89' lang='lat' dir='ltr'><strong>serie</strong></span> <span class='ocrx_word' id='word_1_427' title='bbox 1045 4665 1185 4748; x_wconf 77' lang='lat' dir='ltr'><strong>agnoscit</strong></span> <span class='ocrx_word' id='word_1_428' title='bbox 1206 4663 1332 4726; x_wconf 85' lang='lat' dir='ltr'><strong>Chorus.</strong></span> 
     </span>
    </p>
   </div>
   <div class='ocr_carea' id='block_1_6' title="bbox 301 4781 1897 5068">
    <p class='ocr_par' dir='ltr' id='par_1_8' title="bbox 301 4781 1897 5068">
     <span class='ocr_line' id='line_1_42' title="bbox 387 4781 1896 4872; baseline 0 -30"><span class='ocrx_word' id='word_1_429' title='bbox 387 4783 475 4844; x_wconf 82' lang='grc'><strong>1469.</strong></span> <span class='ocrx_word' id='word_1_430' title='bbox 505 4781 627 4869; x_wconf 84' lang='grc' dir='ltr'><em>αὐχεῖς</em></span> <span class='ocrx_word' id='word_1_431' title='bbox 649 4783 736 4848; x_wconf 81' lang='grc' dir='ltr'><em>εἶναι</em></span> <span class='ocrx_word' id='word_1_432' title='bbox 749 4783 825 4850; x_wconf 82' lang='grc' dir='ltr'><em>τόδε</em></span> <span class='ocrx_word' id='word_1_433' title='bbox 838 4787 982 4870; x_wconf 79' lang='grc' dir='ltr'><em>τοῦργον</em></span> <span class='ocrx_word' id='word_1_434' title='bbox 995 4783 1089 4872; x_wconf 74' lang='grc' dir='ltr'><strong><em>ἐμόν.</em></strong></span> <span class='ocrx_word' id='word_1_435' title='bbox 1109 4782 1190 4872; x_wconf 79' lang='grc' dir='ltr'><strong>μηθ’</strong></span> <span class='ocrx_word' id='word_1_436' title='bbox 1207 4783 1407 4870; x_wconf 77' lang='grc' dir='ltr'><em>ἐπιλεχθῇς.</em></span> <span class='ocrx_word' id='word_1_437' title='bbox 1441 4784 1534 4848; x_wconf 80' lang='lat' dir='ltr'><strong>necto</strong></span> <span class='ocrx_word' id='word_1_438' title='bbox 1549 4783 1690 4847; x_wconf 85' lang='lat' dir='ltr'><strong>iudicavit</strong></span> <span class='ocrx_word' id='word_1_439' title='bbox 1704 4781 1896 4845; x_wconf 83' lang='lat' dir='ltr'><strong>Thierscbiue</strong></span> 
     </span>
     <span class='ocr_line' id='line_1_43' title="bbox 301 4876 1897 4966; baseline 0.001 -24"><span class='ocrx_word' id='word_1_440' title='bbox 301 4878 350 4942; x_wconf 90' lang='lat' dir='ltr'><strong>bio</strong></span> <span class='ocrx_word' id='word_1_441' title='bbox 375 4879 485 4961; x_wconf 86' lang='lat' dir='ltr'><strong>aliquid</strong></span> <span class='ocrx_word' id='word_1_442' title='bbox 510 4882 675 4960; x_wconf 73' lang='lat' dir='ltr'><strong>exddbse,</strong></span> <span class='ocrx_word' id='word_1_443' title='bbox 707 4890 796 4965; x_wconf 87' lang='lat' dir='ltr'><strong>atque</strong></span> <span class='ocrx_word' id='word_1_444' title='bbox 822 4902 897 4965; x_wconf 91' lang='lat' dir='ltr'><strong>opus</strong></span> <span class='ocrx_word' id='word_1_445' title='bbox 922 4892 969 4948; x_wconf 92' lang='lat' dir='ltr'><strong>est</strong></span> <span class='ocrx_word' id='word_1_446' title='bbox 994 4883 1121 4948; x_wconf 78' lang='lat' dir='ltr'><strong>fortiore</strong></span> <span class='ocrx_word' id='word_1_447' title='bbox 1149 4885 1346 4966; x_wconf 89' lang='lat' dir='ltr'><strong>oppositione.</strong></span> <span class='ocrx_word' id='word_1_448' title='bbox 1395 4883 1520 4950; x_wconf 88' lang='lat' dir='ltr'><strong>Videtur</strong></span> <span class='ocrx_word' id='word_1_449' title='bbox 1551 4890 1620 4965; x_wconf 91' lang='lat' dir='ltr'><strong>post</strong></span> <span class='ocrx_word' id='word_1_450' title='bbox 1644 4879 1788 4965; x_wconf 73' lang='grc' dir='ltr'><em>τοῦργον</em></span> <span class='ocrx_word' id='word_1_451' title='bbox 1813 4876 1897 4966; x_wconf 84' lang='grc' dir='ltr'><strong><em>ἐμόν</em></strong></span> 
     </span>
     <span class='ocr_line' id='line_1_44' title="bbox 302 4977 1091 5068; baseline 0.009 -29"><span class='ocrx_word' id='word_1_452' title='bbox 302 4977 470 5043; x_wconf 83' lang='lat' dir='ltr'><strong>desiderari</strong></span> <span class='ocrx_word' id='word_1_453' title='bbox 491 4977 609 5060; x_wconf 74' lang='grc' dir='ltr'><em>ὀρθοῖς</em></span> <span class='ocrx_word' id='word_1_454' title='bbox 631 4980 769 5067; x_wconf 82' lang='grc' dir='ltr'><em>αὐχεῖς,</em></span> <span class='ocrx_word' id='word_1_455' title='bbox 790 4982 827 5048; x_wconf 83' lang='grc' dir='ltr'><strong>τὸ</strong></span> <span class='ocrx_word' id='word_1_456' title='bbox 850 4979 956 5068; x_wconf 80' lang='grc' dir='ltr'><strong><em>δὲμὴ</em></strong></span> <span class='ocrx_word' id='word_1_457' title='bbox 978 4979 1091 5066; x_wconf 74' lang='grc' dir='ltr'><em>λέξῃς.</em></span> 
     </span>
    </p>
   </div>
   <div class='ocr_carea' id='block_1_7' title="bbox 0 0 2345 6036">
    <p class='ocr_par' dir='ltr' id='par_1_9' title="bbox 0 0 2345 6036">
     <span class='ocr_line' id='line_1_45' title="bbox 0 0 2345 6036; baseline 0 0"><span class='ocrx_word' id='word_1_458' title='bbox 0 0 2345 6036; x_wconf 95' lang='lat' dir='ltr'><strong> </strong></span> 
     </span>
    </p>
   </div>
  </div>
 </body>
</html>
