4668 6040
1138 543 1383 612 -8-

462 727 623 791 desidero:
658 724 769 812 γάμον
798 726 965 792 ἀκούσιον
994 723 1131 809 ἀνδρῶν
1159 725 1341 794 θανάτοισι
1370 729 1530 816 κομίζων,
1562 733 1580 792 i.
1608 749 1635 792 e.
1666 749 1781 812 ,quum
1808 733 1924 813 nuptias
1953 734 2061 796 invitas

462 826 622 902 (Helenae
651 843 718 888 oum
746 825 900 903 Menelao,
932 843 1008 906 quas
1036 825 1153 888 Helena
1182 826 1340 902 deseruit)
1376 831 1510 892 virorum
1538 829 1664 892 necibus
1693 848 1838 910 reparare
1867 833 2025 895 conareris
2033 836 2059 894 “.

462 925 579 988 lielena
601 926 681 986 enim
703 923 828 986 senibus
850 941 912 986 uon
934 923 1024 1006 digna
1040 927 1104 986 visa
1119 933 1180 1001 est,
1202 945 1280 1007 quae
1296 945 1363 990 eum
1377 929 1537 990 mulmrum
1550 930 1685 991 vborum
1699 928 1795 991 caede
1811 937 2061 1009 repeteretur.-

461 1023 507 1086 De
530 1023 632 1086 verbis
653 1022 870 1102 sequentibus:
893 1023 952 1085 νῦν
972 1019 1004 1084 δ’
1027 1022 1092 1087 οὐκ
1114 1022 1170 1086 ἀπ’
1195 1023 1310 1105 ἄκρας
1330 1025 1460 1105 φρενὸς
1481 1023 1556 1090 οὐδ
1580 1025 1716 1107 ἀφίλως
1736 1026 1876 1108 εὔφρων
1895 1025 2002 1095 πόνον
2021 1022 2062 1093 eri

461 1121 630 1196 ιελέσασι,
651 1121 805 1201 Kayserus
827 1123 937 1201 optime
959 1122 1069 1184 meruit
1089 1121 1227 1184 iacillima
1249 1124 1423 1186 coniectura
1444 1141 1499 1204 pro
1521 1120 1626 1188 πόνον
1647 1142 1803 1205 reponens
1824 1123 1936 1208 λόγος.

773 1220 840 1282 ibi.
875 1221 993 1300 καπνῷ
1016 1216 1046 1283 δ’
1072 1219 1207 1284 ἀλοῦοα
1227 1227 1287 1284 νῦν
1308 1221 1349 1284 ἔτ’
1374 1221 1526 1307 εὔσημος
1548 1218 1657 1300 πόλις·

872 1317 958 1399 ἀτης
981 1315 1126 1382 θύελλαι
1146 1316 1246 1398 ζῶσι,
1269 1316 1535 1402 συνθνῄσκουσα
1555 1319 1592 1383 δὲ

873 1413 1005 1495 σποδὸς
1027 1417 1224 1502 προπέμπει
1244 1417 1366 1497 πίονας
1388 1415 1539 1486 πλοάτου
1560 1416 1684 1497 πνοάς.

463 1513 730 1597 συνθνῄσκουσα
758 1533 818 1578 non
847 1515 967 1578 videtur
993 1516 1067 1578 ierri
1093 1534 1194 1597 posse.
1238 1518 1399 1591 Quaeritur
1419 1536 1478 1598 qua
1499 1535 1567 1580 cum
1587 1536 1622 1578 re
1645 1519 1766 1579 cineres
1787 1534 1847 1578 una
1868 1518 2061 1580 moriautm‘l

462 1613 535 1676 Cum
557 1611 709 1678 πλοόιου
730 1615 871 1692 πνοαῖς,
899 1617 924 1676 si
947 1615 1211 1678 Schneidewinum
1232 1615 1345 1679 audias.
1388 1618 1500 1680 Verum
1522 1613 1586 1680 σίν
1607 1617 1636 1677 in
1659 1614 1706 1677 bis
1727 1617 1899 1696 compositis
1920 1623 2061 1695 spectare

462 1711 540 1773 solet
560 1709 598 1772 ad
619 1729 685 1774 rem
706 1712 956 1793 praecedentem,
978 1730 1040 1775 uon
1055 1712 1094 1775 ad
1108 1721 1303 1794 sequentem,
1325 1717 1382 1777 uisi
1397 1722 1540 1797 sequatur
1554 1713 1685 1792 dativus,
1706 1713 1789 1776 velut
1803 1716 1828 1776 si
1842 1714 1890 1776 bio
1904 1715 2061 1796 legeretur

463 1806 614 1873 πλούτου
635 1811 768 1888 πνοαῖς.
805 1810 866 1874 Sed
887 1811 924 1874 ad
946 1812 1162 1893 praecedentia
1184 1811 1295 1875 reierri
1318 1816 1436 1896 nequit,
1457 1815 1497 1876 ibi
1518 1814 1597 1876 enim
1620 1812 1704 1894 ἄτης
1726 1809 1874 1876 θῦελλαι
1893 1830 1956 1874 non
1974 1813 2061 1889 mori,

463 1906 518 1968 sed
540 1909 645 1970 vivere
668 1907 819 1986 dicuntur,
842 1919 872 1972 et
893 1929 961 1972 cum
983 1910 1180 1973 morientibus
1202 1918 1313 1974 tantum
1334 1913 1476 1993 procellis
1494 1914 1615 1974 cineres
1630 1930 1689 1974 una
1704 1913 1780 1974 mori
1795 1919 1880 1973 recte
1896 1910 1953 1974 dici
1968 1929 2059 1992 posse

463 2013 552 2084 patet.
596 2008 697 2080 Quare
719 2008 911 2070 scribendum
934 2007 1053 2088 ζῶσιν·
1076 2006 1326 2091 ἐνθνήσκουσα
1348 2007 1403 2087 δέ,
1424 2020 1454 2072 et
1474 2013 1507 2072 in
1527 2011 1568 2071 iis
1588 2018 1658 2071 cett.

775 2107 844 2167 tat.
878 2103 978 2170 πόλιν
1000 2103 1212 2191 διημάθυνεν
1231 2107 1381 2191 Ἀργεῖον
1401 2104 1525 2186 δάκος,

874 2207 983 2268 ἵππου
1004 2202 1164 2284 νεοσσός,
1187 2203 1434 2286 ἀσπιδηφόρος
1456 2203 1556 2284 λεώς,

875 2297 1002 2385 πήδημ’
1026 2299 1182 2383 όροιίσας
1205 2301 1298 2388 ἀμφὶ
1319 2300 1501 2366 Πλειάδων
1523 2301 1629 2368 δύσιν.

876 2398 1084 2480 ὑπερθορὼν
1106 2396 1143 2463 δὲ
1164 2398 1295 2484 πύργον
1316 2399 1478 2485 ὠμηστὴς
1499 2401 1583 2466 λε’ων

872 2493 958 2579 ἄδην
978 2493 1105 2579 ἔλειξεν
1127 2500 1272 2584 α’ίματος
1295 2502 1506 2581 τυραννικοῦ.

463 2593 530 2655 Non
560 2603 630 2674 puto
660 2613 765 2658 verum
794 2614 864 2657 esse
891 2596 972 2678 qarod
995 2596 1186 2660 Schneidew.
1209 2597 1313 2674 docet,
1342 2605 1461 2678 poetam
1486 2597 1593 2662 ludere
1616 2601 1645 2660 iu
1668 2601 1735 2662 soni
1757 2597 1960 2675 similitudine,
1989 2605 2020 2660 ut
2042 2616 2058 2658 a

465 2694 574 2774 populo
597 2691 712 2773 (λεώς)
742 2695 909 2756 orationem
937 2694 1037 2758 flectat
1064 2695 1101 2757 ad
1127 2696 1248 2758 leonem
1270 2696 1401 2773 (λέων),
1429 2715 1507 2776 pirae
1534 2699 1609 2760 ratio
1630 2697 1751 2760 ludendi
1772 2697 1821 2759 bio
1842 2695 1980 2780 frigidior
2003 2703 2059 2758 est

464 2792 556 2856 lmmo
585 2796 691 2856 transit
719 2813 821 2856 sermo
849 2795 886 2858 ab
915 2795 1045 2878 imagine
1072 2797 1143 2876 equi
1165 2794 1286 2856 'lruiaui
1307 2795 1405 2875 paullo
1427 2793 1570 2860 audacius
1590 2797 1629 2859 ed
1649 2815 1758 2860 novam
1779 2797 1941 2876 imaginem
1962 2795 2060 2856 leonis

469 2895 562 2953 saevi.
596 2893 710 2964 Quibus
732 2894 911 2972 imaginibus
932 2911 971 2952 ne
993 2895 1190 2952 interficiatur
1211 2911 1291 2952 nova
1312 2895 1442 2972 imagine
1465 2901 1496 2952 et
1517 2911 1584 2954 cum
1598 2893 1723 2954 molesta
1738 2908 1840 2954 rerum
1855 2889 2059 2954 vicissimdine

466 2986 569 3067 λεώς,
591 2986 784 3051 scribendum
806 2988 864 3049 erit
886 2983 1138 3068 ἀσπιδηφόρον
1158 2985 1281 3065 πλέως.

549 3089 617 3150 906.
652 3083 749 3168 ηὔξω
770 3085 869 3163 θεοῖς
892 3081 1007 3161 δείσας
1026 3083 1067 3145 ἀν
1089 3077 1147 3145 τίδ’
1172 3081 1284 3162 ἔρδειν
1304 3081 1400 3156 τάδε;
1433 3083 1465 3145 ln
1487 3084 1634 3148 hocloco
1656 3084 1885 3163 obscurissimo,
1908 3103 1999 3164 ηυειιι
2020 3102 2059 3144 ne

466 3185 657 3248 llermaunus
678 3185 799 3267 quidem
820 3183 1014 3265 probabiliter
1032 3183 1183 3258 tractavit,
1205 3182 1294 3243 liceat
1308 3183 1421 3259 varias,
1443 3203 1518 3264 quas
1532 3184 1662 3248 diversis
1676 3184 1861 3266 temporibus
1876 3184 2059 3266 excogitavi,

465 3287 656 3348 coniecturas
684 3283 834 3366 prolerre.
878 3283 974 3355 Quum
1003 3283 1083 3343 enim
1104 3281 1294 3364 Agamemno
1322 3280 1456 3346 bonores
1485 3284 1523 3345 ab
1551 3301 1649 3346 uxore
1678 3284 1734 3345 sibi
1758 3291 1878 3364 paratos
1899 3291 1931 3344 ut
1952 3282 2060 3344 nimios

464 3383 633 3464 praefracte
663 3391 694 3446 et
721 3390 897 3445 constanter
925 3388 1062 3458 recuset,
1095 3379 1333 3460 Clytaemnestra
1361 3379 1421 3444 doli
1449 3383 1554 3444 intenti
1585 3383 1771 3443 conscientia
1797 3380 1895 3444 subito
1921 3379 2060 3462 perculsa

465 3483 626 3564 paullisper
653 3483 751 3559 timet,
779 3500 819 3543 ne
849 3483 971 3542 maritus
999 3481 1049 3542 vel
1078 3482 1196 3544 somnio
1224 3479 1366 3543 divinitus
1395 3482 1486 3543 misso
1508 3481 1558 3542 vel
1578 3478 1698 3542 abunde
1719 3486 1867 3561 concepta
1889 3481 2059 3561 suspicione

467 3580 590 3666 aliquid
598 3583 769 3663 praesagiat
790 3579 828 3641 de
848 3579 908 3642 lato
923 3579 980 3642 sibi
993 3587 1107 3659 parato.
1139 3579 1242 3660 ltaque
1257 3581 1342 3661 regis
1357 3581 1486 3641 animum
1499 3585 1676 3660 pertentans
1690 3579 1820 3659 quaerit,
1842 3577 1913 3659 quid
1927 3578 2060 3640 bonores

466 3679 533 3741 illos
547 3677 706 3742 detrectet.
739 3679 806 3753 Quo
822 3697 915 3741 sensu
929 3686 1047 3759 poterat
1060 3677 1185 3739 dicere:
1206 3669 1230 3759 ή
1245 3676 1336 3757 πρὸς
1357 3675 1448 3740 θεῶν
1469 3673 1585 3755 δείσας
1602 3674 1634 3738 τί
1654 3675 1686 3760 μ’
1709 3675 1775 3740 οὐκ
1796 3678 1858 3758 ἐᾷς
1878 3672 1976 3747 κάθες
1997 3674 2059 3736 soii.

467 3779 591 3854 ποιεῖν,
609 3787 642 3840 ut
662 3775 742 3842 τάδε
763 3780 801 3840 sit
815 3778 975 3840 adhibitum
990 3775 1239 3858 quemadmodum
1252 3774 1330 3837 inira
1345 3795 1373 3836 v.
1391 3776 1449 3835 929
1472 3773 1589 3838 caetu
1614 3771 1753 3839 ἀκούειν
1773 3796 1838 3838 σου
1852 3775 2060 3856 κατέστραμ-

466 3899 530 3960 μαι
551 3873 647 3953 τάδε,
668 3878 718 3938 vel
740 3873 835 3958 ηὔξω
858 3875 957 3954 θεοῖς
980 3873 1096 3955 δείσας
1118 3898 1149 3938 τι
1170 3874 1265 3964 τήνδ’
1291 3877 1413 3958 εἴργειν
1434 3874 1513 3958 ἕμὲ;
1535 3874 1585 3934 vel
1606 3874 1694 3934 etiam
1715 3869 1810 3954 ηὔξω
1831 3871 1929 3949 θεοῖς
1944 3867 2060 3947 δείσας

467 3995 499 4036 τι
517 3969 567 4057 μή
586 3972 618 4058 μ’
642 3971 754 4055 ἔρδειν
775 3971 871 4048 τάδε;
887 4007 926 4020 -
950 3973 1103 4054 liayserus
1125 3974 1292 4054 suspicatus
1313 3979 1360 4034 est
1381 3966 1475 4052 ηὔξω
1496 3969 1610 4035 θεοῖσι
1630 3967 1704 4036 ead
1730 3967 1862 4047 ἀνύσας
1884 3971 1920 4045 (i.
1933 3987 1961 4031 e.
1980 3976 2059 4032 unm

467 4074 591 4135 victoria
612 4077 782 4153 reportata)
804 4067 916 4152 ἔρδειν
936 4068 1030 4146 τάδε;
1094 4089 1103 4106 ·

732 4172 801 4233 alt.
833 4169 910 4249 Clyt.
940 4170 1012 4248 τοῖς
1032 4169 1161 4250 ὀλβίοις
1182 4193 1218 4251 γε
1239 4170 1297 4234 καὶ
1320 4170 1354 4233 τὸ
1377 4168 1540 4234 νικᾶσθαι
1561 4169 1698 4250 πρέπει,

799 4269 907 4352 ligem.
936 4261 961 4351 ή
984 4265 1043 4332 καί
1063 4267 1108 4332 σὺ
1129 4267 1226 4349 νίκην
1248 4265 1345 4348 τήνδε
1368 4265 1489 4351 δήριος
1510 4267 1609 4346 τίεις;

471 4367 534 4444 ,At
555 4368 634 4430 beati
656 4387 689 4430 se
712 4367 798 4430 lacile
819 4369 970 4449 patiuntur
992 4367 1028 4429 ad
1051 4365 1278 4450 gratificandum
1300 4369 1414 4443 vinci,“
1437 4366 1675 4447 Clytaemnestra
1690 4367 1744 4444 ait,
1766 4366 1814 4428 oui
1828 4383 1886 4426 rex
1901 4362 1979 4425 buno
1994 4361 2060 4423 iere

469 4471 499 4530 in
521 4466 640 4530 modurn
663 4467 782 4529 videtur
802 4468 990 4548 respondere
1012 4465 1149 4528 debere:
1181 4482 1307 4544 ,nonne
1329 4473 1361 4527 tu
1382 4483 1518 4548 quoque,
1539 4466 1611 4528 licet
1630 4464 1730 4527 reditu
1751 4481 1820 4526 meo
1842 4462 1922 4524 ielioi
1943 4461 2061 4524 beatam

469 4575 498 4628 te
520 4567 696 4646 praedices,
718 4575 817 4628 tamen
840 4567 869 4626 in
891 4566 949 4628 hoc
970 4566 1093 4648 pudoris
1114 4582 1182 4626 oum
1203 4563 1321 4626 honora
1343 4566 1507 4626 cenantes
1529 4566 1653 4627 vnoere
1672 4563 1773 4645 magui
1786 4560 1914 4624 iacisi“
1935 4567 1968 4623 ut
1980 4559 2061 4621 scri·

470 4665 602 4728 bendum
631 4668 687 4728 sit:
724 4664 767 4729 οά
796 4661 856 4728 καί
884 4665 928 4728 σὺ
959 4663 1055 4745 νίκην
1076 4659 1177 4745 τῆσδε
1199 4658 1320 4744 δήριος
1342 4662 1439 4742 ιίεις;
1470 4669 1501 4724 et
1522 4665 1566 4726 sio
1587 4662 1725 4745 llartuug
1745 4677 1881 4743 quoque,
1904 4660 1960 4722 nisi
1981 4656 2060 4739 quod

472 4761 568 4845 τήνδε
589 4765 719 4825 retinuit.
751 4763 940 4825 Praeferrem
962 4771 1076 4838 tamen,
1099 4763 1155 4823 nisi
1177 4780 1194 4824 a
1216 4762 1346 4823 lectione
1369 4763 1488 4843 vulgata
1511 4763 1632 4824 nirnium
1653 4760 1855 4841 discreparet,
1877 4756 1919 4820 οὔ
1939 4756 1997 4820 καὶ
2017 4755 2061 4818 οὔ

472 4862 566 4944 νίκης
590 4859 687 4944 τήοδε
709 4861 833 4943 δηριᾴς
856 4861 951 4941 πέρι;
